@misc{graph-weisstein,
  title={{Königsberg Bridge Problem.}},
  author={Weisstein, E.},
  journal={MathWorld--A Wolfram Web Resource},
  url={https://mathworld.wolfram.com/KoenigsbergBridgeProblem.html},
}

@inproceedings{hits-chien14,
  title={{A comparative study of HITS vs PageRank algorithms for Twitter users analysis}},
  author={Chien, O. and Hoong, P. and Ho, C.},
  booktitle={International Conference on Computational Science and Technology (ICCST)},
  isbn={978-1-4799-3241-2},
  publisher={IEEE},
  year={2014},
  month={Aug},
  pages={1--6},
}

@inproceedings{urban-zhang18,
  title={{Analysis of China’s Urban Network Structure from the Perspective of “Streaming”}},
  author={Zhang, Q. and Yuan, T.},
  booktitle={26th International Conference on Geoinformatics},
  isbn={978-1-5386-7619-6},
  publisher={IEEE},
  year={2018},
  month={Jun},
  pages={1--7},
}

@inproceedings{traffic-kim15,
  title={{Analysis on the transportation point in cheongju city using pagerank algorithm}},
  author={Kim, Y. and Kim, H. and Shin, C. and Lee, K. and Choi, C. and Cho, W.},
  editor={Leung, C. and Nasridinov, A.},
  booktitle={Proceedings of the International Conference on Big Data Applications and Services - BigDAS ’15},
  isbn={9781450338462},
  publisher={ACM Press},
  address={New York, New York, USA},
  year={2015},
  month={Oct},
  pages={165--169},
}

@article{rank-kloumann17,
  title={{Block models and personalized PageRank.}},
  author={Kloumann, I. and Ugander, J. and Kleinberg, J.},
  journal={Proceedings of the National Academy of Sciences of the United States of America},
  volume={114},
  number={1},
  year={2017},
  month={Jan},
  pages={33--38},
}

@inproceedings{rank-gyongyi04,
  title={{Combating web spam with trustrank}},
  author={Gyongyi, Z. and Garcia-Molina, H. and Pedersen, J.},
  booktitle={Proceedings of the 30th international conference on very large data bases (VLDB)},
  year={2004},
}

@article{influence-zhang15,
  title={{A Pagerank-Inspired Heuristic Scheme for Influence Maximization in Social Networks}},
  volume={12},
  number={4},
  journal={International Journal of Web Services Research},
  author={Zhang, B. and Wang, Y. and Jin, Q. and Ma, J.},
  year={2015},
  month={Oct},
  pages={48--62},
}

@article{recommend-chaudhari17,
  title={{An entity graph based Recommender System}},
  author={Chaudhari, S. and Azaria, A. and Mitchell, T.},
  journal={AI Communications},
  volume={30},
  number={2},
  year={2017},
  month={May},
  pages={141--149},
}

@misc{wiki-pr,
  title={{PageRank}},
  author={{Contributors to Wikimedia projects}},
  url={https://en.wikipedia.org/wiki/PageRank},
  journal={Wikipedia},
  year={2021},
  month={Jul},
}

@article{rank-senanayake15,
  title={{The pagerank-index: Going beyond citation counts in quantifying scientific impact of researchers}},
  author={Senanayake, U. and Piraveenan, M. and Zomaya, A.},
  journal={PloS one},
  volume={10},
  number={8},
  pages={e0134794},
  year={2015},
  publisher={Public Library of Science San Francisco, CA USA},
}

@misc{wiki-ghummingbird,
  title={{Google Hummingbird}},
  author={{Contributors to Wikimedia projects}},
  url={https://en.wikipedia.org/wiki/Google_Hummingbird},
  journal={Wikipedia},
}

@inproceedings{rank-patil21,
  title={{Comparative Study Of Google Search Engine Optimization Algorithms: Panda, Penguin and Hummingbird}},
  author={Patil, A. and Pamnani, J. and Pawade, D.},
  booktitle={6th International Conference for Convergence in Technology (I2CT)},
  pages={1--5},
  year={2021},
  organization={IEEE},
}

@article{graph-besta19,
  title={{Practice of Streaming and Dynamic Graphs: Concepts, Models, Systems, and Parallelism}},
  author={Besta, M. and Fischer, M. and Kalavri, V. and Kapralov, M. and Hoefler, T.},
  journal={CoRR},
  volume={abs/1912.12740},
  year={2019},
}

@article{rank-leskovec19,
  title={{PageRank Algorithm, Mining massive Datasets (CS246), Stanford University}},
  author={Leskovec, J.},
  journal={YouTube},
  year={2019},
}

@article{rank-jardine07,
  title={{PageRanks-Example}},
  author={Jardine, J.},
  year={2007},
  month={Nov},
}

@article{rank-dubey16,
  title={{Improved Parallel PageRank algorithm for Spam filtering}},
  author={Dubey, H. and Khare, N. and Kuttan, K. and Bhatia, S.},
  journal={Indian Journal of Science and Technology},
  volume={9},
  number={38},
  year={2016},
  month={Oct},
}

@book{compute-frey13,
  title={{Distributed Computing and Networking}},
  author={Frey, D.},
  editor={Frey, D. and Raynal, M. and Sarkar, S. and Shyamasundar, R. and Sinha, P.},
  publisher={Springer Nature},
  isbn={978-3-642-35668-1},
  edition={2},
  year={2013},
  pages={366},
  place={Berlin},
}

@inproceedings{rank-bahmani11,
  title={{Fast personalized PageRank on MapReduce}},
  author={Bahmani, B. and Chakrabarti, K. and Xin, D.},
  booktitle={Proceedings of the international conference on Management of data - SIGMOD ’11},
  isbn={9781450306614},
  publisher={ACM Press},
  address={New York, New York, USA},
  year={2011},
  month={Jun},
  pages={973},
}

@article{rank-lai17,
  title={{Parallel computations of local PageRank problem based on Graphics Processing Unit}},
  author={Lai, S. and Shao, B. and Xu, Y. and Lin, X.},
  journal={Concurrency and Computation: Practice and Experience},
  volume={29},
  number={24},
  year={2017},
  month={Aug},
  pages={42--45},
}

@inproceedings{rank-molahosseini20,
  title={{Half-Precision Floating-Point Formats for PageRank: Opportunities and Challenges}},
  author={Molahosseini, A. and Vandierendonck, H.},
  booktitle={IEEE High Performance Extreme Computing Conference (HPEC)},
  isbn={978-1-7281-9219-2},
  publisher={IEEE},
  year={2020},
  month={Sep},
  pages={1--7},
}

@book{rank-haveliwala02,
  title={{Efficient Encodings for Document Ranking Vectors}},
  author={Haveliwala, T.},
  institution={Stanford InfoLab},
  number={2002--58},
  year={2002},
}

@inproceedings{graph-raghavan03,
  title={{Representing Web graphs}},
  author={Raghavan, S. and Garcia-Molina, H.},
  booktitle={Proceedings 19th International Conference on Data Engineering (Cat. No.03CH5)},
  isbn={0-7803-7665-X},
  publisher={IEEE},
  pages={405--416},
  year={2003},
}

@inproceedings{graph-adler01,
  title={{Towards Compressing Web Graphs}},
  author={Adler, M. and Mitzenmacher, M.},
  booktitle={Proceedings of the Data Compression Conference},
  publisher={IEEE Computer Society},
  series={DCC ’01},
  collection={DCC ’01},
  address={USA},
  year={2001},
  pages={203},
}

@article{graph-bharat98,
  title={{The Connectivity Server: fast access to linkage information on the Web}},
  author={Bharat, K. and Broder, A. and Henzinger, M. and Kumar, P. and Venkatasubramanian, S.},
  journal={Computer Networks and ISDN Systems},
  volume={30},
  number={1--7},
  year={1998},
  month={Apr},
  pages={469--477},
}

@inproceedings{rank-guoqiang20,
  title={{A FPGA based intra-parallel architecture for PageRank graph processing}},
  author={Guoqiang, M. and Rui, H. and Jiangwei, W. and Hongwei, K. and Rengang, L.},
  booktitle={IEEE International Conference on Edge Computing (EDGE)},
  isbn={978-1-7281-8254-4},
  publisher={IEEE},
  year={2020},
  month={Oct},
  pages={31--38},
}

@inproceedings{rank-rungsawang12,
  title={{Fast pagerank computation on a GPU cluster}},
  author={Rungsawang, A. and Manaskasemsak, B.},
  booktitle={20th Euromicro International Conference on Parallel, Distributed and Network-based Processing},
  isbn={978-1-4673-0226-5},
  publisher={IEEE},
  year={2012},
  month={Feb},
  pages={450--456},
}

@article{rank-mazaheri19,
  title={{PPR-partitioning: a distributed graph partitioning algorithm based on the personalized PageRank vectors in vertex-centric systems}},
  author={Soudani, N. and Fatemi, A. and Nematbakhsh, M.},
  journal={Knowledge and information systems},
  year={2019},
  month={Jan},
  pages={1--25},
}

@article{rank-li21,
  title={{MELOPPR: Software/Hardware Co-design for Memory-efficient Low-latency Personalized PageRank}},
  author={Li, L. and Chen, Y. and Zirnheld, Z. and Li, P. and Hao, C.},
  year={2021},
}

@inproceedings{rank-zhou17,
  title={{Design and implementation of parallel PageRank on multicore platforms}},
  author={Zhou, S. and Lakhotia, K. and Singapura, S. and Zeng, H. and Kannan, R. and Prasanna, V. and Fox, J. and Kim, E. and Green, O. and Bader, D.},
  booktitle={IEEE High Performance Extreme Computing Conference (HPEC)},
  isbn={978-1-5386-3472-1},
  publisher={IEEE},
  year={2017},
  month={Sep},
  pages={1--6},
}

@inproceedings{rank-zhou15,
  title={{Optimizing memory performance for FPGA implementation of pagerank}},
  author={Zhou, S. and Chelmis, C. and Prasanna, V.},
  booktitle={International Conference on ReConFigurable Computing and FPGAs (ReConFig)},
  isbn={978-1-4673-9406-2},
  publisher={IEEE},
  year={2015},
  month={Dec},
  pages={1--6},
}

@inproceedings{rank-lakhotia18,
  title={{Accelerating PageRank using Partition-Centric Processing}},
  author={Lakhotia, K. and Kannan, R. and Prasanna, V.},
  booktitle={USENIX Annual Technical Conference (USENIX ATC ’18)},
  publisher={USENIX Association},
  isbn={978-1-939133-01-4},
  address={Boston, MA},
  year={2018},
  month={Jul},
  pages={427--440},
}

@inproceedings{rank-beamer17,
  title={{Reducing pagerank communication via propagation blocking}},
  author={Beamer, S. and Asanovic, K. and Patterson, D.},
  booktitle={IEEE International Parallel and Distributed Processing Symposium (IPDPS)},
  isbn={978-1-5386-3914-6},
  publisher={IEEE},
  year={2017},
  month={May},
  pages={820--831},
}

@inproceedings{memory-yu15,
  title={{IMP: Indirect memory prefetcher}},
  author={Yu, X. and Hughes, C. and Satish, N. and Devadas, S.},
  booktitle={Proceedings of the 48th International Symposium on Microarchitecture - MICRO-48},
  isbn={9781450340342},
  publisher={ACM Press},
  address={New York, New York, USA},
  year={2015},
  month={Dec},
  pages={178--190},
}

@inproceedings{graph-wang15,
  title={{Addressing memory wall problem of graph computation in reconfigurable system}},
  author={Wang, X. and Huang, L. and Zhu, Y. and Zhou, Y. and Peng, H. and Xiong, H.},
  booktitle={IEEE 17th International Conference on High Performance Computing and Communications, IEEE 7th International Symposium on Cyberspace Safety and Security, and IEEE 12th International Conference on Embedded Software and Systems},
  isbn={978-1-4799-8937-9},
  publisher={IEEE},
  year={2015},
  month={Aug},
  pages={302--307},
}

@book{compute-hunold15,
  title={{Euro-Par 2015: Parallel Processing Workshops: Euro-Par 2015 International Workshops, Vienna, Austria, August 24-25, 2015, Revised Selected Papers (Lecture Notes in Computer Science Book 9523)}},
  author={Hunold, S.},
  editor={Hunold, S. and Costan, A. and Giménez, D. and Iosup, A. and Ricci, L. and Requena, M. and Scarano, V. and Varbanescu, A. and Scott, S. and Lankes, S. and al., e.},
  edition={1st ed. 2015},
  isbn={978-3-319-27308-2},
  publisher={Springer},
  place={Cham},
  year={2015},
  pages={882},
}

@inproceedings{rank-sadi18,
  title={{PageRank Acceleration for Large Graphs with Scalable Hardware and Two-Step SpMV}},
  author={Sadi, F. and Sweeney, J. and McMillan, S. and Low, T. and Hoe, J. and Pileggi, L. and Franchetti, F.},
  booktitle={IEEE High Performance extreme Computing Conference (HPEC)},
  isbn={978-1-5386-5989-2},
  publisher={IEEE},
  year={2018},
  month={Sep},
  pages={1--7},
}

@phdthesis{rank-usta21,
  title={{Accelerating pagerank with a heterogeneous two phase CPU-FPGA algorithm}},
  author={Usta, F.},
  school={Bilkent University},
  year={2021},
}

@inproceedings{rank-hassan21,
  title={{Graph analytics on hybrid system (GAHS) case study: pagerank}},
  author={Hassan, M. and Athanas, P.},
  booktitle={IEEE International Parallel and Distributed Processing Symposium Workshops (IPDPSW)},
  isbn={978-1-6654-3577-2},
  publisher={IEEE},
  year={2021},
  month={Jun},
  pages={160--167},
}

@inproceedings{rank-mughrabi21,
  title={{QPR: Quantizing PageRank with Coherent Shared Memory Accelerators}},
  author={Mughrabi, A. and Ibrahim, M. and Byrd, G.},
  booktitle={IEEE International Parallel and Distributed Processing Symposium (IPDPS)},
  isbn={978-1-6654-4066-0},
  publisher={IEEE},
  year={2021},
  month={May},
  pages={962--972},
}

@inproceedings{graph-seo15,
  title={{GStream: a graph streaming processing method for large-scale graphs on GPUs}},
  author={Seo, H. and Kim, J. and Kim, M.},
  booktitle={Proceedings of the 20th ACM SIGPLAN Symposium on Principles and Practice of Parallel Programming - PPoPP},
  isbn={9781450332057},
  address={New York, New York, USA},
  publisher={ACM Press},
  year={2015},
  month={Feb},
  pages={253--254},
}

@inproceedings{rank-bisson16,
  title={{A CUDA implementation of the pagerank pipeline benchmark}},
  author={Bisson, M. and Phillips, E. and Fatica, M.},
  booktitle={IEEE High Performance Extreme Computing Conference (HPEC)},
  isbn={978-1-5090-3525-0},
  publisher={IEEE},
  year={2016},
  month={Sep},
  pages={1--7},
}

@inproceedings{rank-wu10,
  title={{Efficient pagerank and spmv computation on AMD gpus}},
  author={Wu, T. and Wang, B. and Shan, Y. and Yan, F. and Wang, Y. and Xu, N.},
  booktitle={39th International Conference on Parallel Processing},
  isbn={978-1-4244-7913-9},
  publisher={IEEE},
  year={2010},
  month={Sep},
  pages={81--89},
}

@inproceedings{compute-buehrer08,
  title={{Data mining on the cell broadband engine}},
  author={Buehrer, G. and Parthasarathy, S. and Goyder, M.},
  booktitle={Proceedings of the 22nd annual international conference on Supercomputing - ICS ’08},
  isbn={9781605581583},
  publisher={ACM Press},
  address={New York, New York, USA},
  year={2008},
  month={Jun},
  pages={26},
}

@book{compute-barolli21,
  title={{Advances in Intelligent Networking and Collaborative Systems}},
  author={Barolli, L. and Li, K. and Miwa, H.},
  editor={Barolli, L. and Li, K. and Miwa, H.},
  publisher={Springer Nature},
  isbn={978-3-030-57796-4},
  edition={1},
  place={Cham},
  year={2021},
  pages={1080},
}

@article{rank-abdullah10,
  title={{Incremental pagerank for twitter data using hadoop}},
  author={Abdullah, I.},
  journal={Technical paper},
  year={2010},
}

@article{snap14,
  title={{SNAP Datasets: Stanford Large Network Dataset Collection}},
  author={Leskovec, J. and Krevl, A.},
  year={2014},
  month={06},
}

@article{suite19,
  title={{The SuiteSparse matrix collection website interface}},
  author={Kolodziej, S. and Aznaveh, M. and Bullock, M. and David, J. and Davis, T. and Henderson, M. and Hu, Y. and Sandstrom, R.},
  journal={The Journal of Open Source Software},
  volume={4},
  number={35},
  year={2019},
  month={Mar},
  pages={1244},
}

@inproceedings{rank-sticd16,
  title={{STIC-D: Algorithmic Techniques For Efficient Parallel Pagerank Computation on Real-World Graphs}},
  author={Garg, P. and Kothapalli, K.},
  booktitle={Proceedings of the 17th International Conference on Distributed Computing and Networking - ICDCN ’16},
  publisher={ACM Press},
  isbn={9781450340328},
  year={2016},
  month={01},
  pages={1---10},
}

@article{rank-param21,
  title={{Adjusting PageRank parameters and Comparing results}},
  author={Sahu, S. and Kothapalli, K. and Banerjee, D.},
  year={2021},
  journal={},
}

@article{rank-stepwise21,
  title={{Effect of stepwise adjustment of Damping factor upon PageRank}},
  author={Sahu, S. and Kothapalli, K. and Banerjee, D.},
  journal={arXiv preprint arXiv:.0},
  year={2021},
}

@article{rank-adjust21,
  title={{Rank adjustment strategies for Dynamic PageRank}},
  url={https://gist.github.com/wolfram77/eb7a3b2e44e3c2069e046389b45ead03},
  author={{S. Sahu}},
  journal={},
  year={2021},
}

@article{rank-dead21,
  title={{Dead End handling strategies for PageRank algorithm}},
  url={https://gist.github.com/wolfram77/94c38b9cfbf0c855e5f42fa24a8602fc},
  author={{S. Sahu}},
  journal={},
  year={2021},
}

@article{rank-volta21,
  title={{Parallelizing PageRank for a Volta GPU}},
  url={https://gist.github.com/wolfram77/4ef16ab9699ac03a617b8731dd240e1f},
  author={{S. Sahu}},
  journal={},
  year={2021},
}

@article{rank-datatype21,
  title={{Adjusting Datatype of Rank vector and CSR Representation with PageRank}},
  url={https://gist.github.com/wolfram77/66882e8b7feaa8119f349a34906b14a7},
  author={{S. Sahu}},
  journal={},
  year={2021},
}

@article{rank-algo21,
  title={{STIC-D based Algorithmic Optimizations for Monolithic PageRank}},
  url={https://gist.github.com/wolfram77/12e5a19ff081b2e3280d04331a9976ca},
  author={Sahu, S.},
  journal={},
  year={2021},
}

@misc{gh-levl21,
  title={{Dynamic Batch Parallel Algorithms for Updating PageRank}},
  url={https://github.com/puzzlef/pagerank-multi-monolithic-vs-levelwise},
  author={Sahu, S.},
  journal={},
  year={2021},
}

@article{conn-sharir81,
  title={{A strong-connectivity algorithm and its applications in data flow analysis}},
  author={Sharir, M.},
  url={https://www.sciencedirect.com/science/article/pii/0898122181900080},
  journal={Computers \& Mathematics with Applications},
  volume={7},
  number={1},
  pages={67-72},
  year={1981},
  issn={0898-1221},
}

@article{rank-deeper01,
  title={{Deeper Inside PageRank}},
  author={Langville, A. and Meyer, C.},
  journal={Internet mathematics},
  volume={1},
  number={3},
  year={2004},
  month={01},
  pages={335---380},
}

@misc{rank-kang,
  title={{Introduction to Data Mining: Lecture 10: Link Analysis-2}},
  url={https://ocw.snu.ac.kr/sites/default/files/NOTE/L10-linkanalysis2.pdf},
  journal={Seoul National University},
  author={Kang, U.},
}

@misc{rank-nvgraph,
  title={{rapidsai/nvgraph}},
  author={Fender, A. and Thejaswi, N. and Rees, B.},
  url={https://github.com/rapidsai/nvgraph/blob/main/cpp/src/pagerank.cu#L149},
  journal={},
}

@inbook{rank-whang15,
  title={{Scalable Data-Driven PageRank: Algorithms, System Issues, and Lessons Learned}},
  author={Whang, J. and Lenharth, A. and Dhillon, I. and Pingali, K.},
  booktitle={Euro-Par : Parallel Processing},
  publisher={Springer Berlin Heidelberg},
  editor={Träff, J. and Hunold, S. and Versaci, F.},
  collection={Lecture notes in computer science},
  series={Lecture notes in computer science},
  volume={9233},
  isbn={978-3-662-48095-3},
  year={2015},
  pages={438--450},
  place={Berlin, Heidelberg},
}

@inproceedings{rank-arasu02,
  title={{PageRank Computation and the Structure of the Web: Experiments and Algorithms}},
  author={Arasu, A. and Novak, J. and Tomlin, J.},
  booktitle={In Proceedings of the Eleventh International World Wide Web Conference, Poster Track},
  year={2002},
  pages={107--117},
}

@book{rank-block03,
  title={{Exploiting the Block Structure of the Web for Computing PageRank}},
  author={Kamvar, S. and Haveliwala, T. and Manning, C. and Golub, G.},
  institution={Stanford},
  publisher={},
  type={Technical Report},
  number={2003-17},
  year={2003},
}

@inproceedings{rank-duong12,
  title={{Parallel pagerank computation using GPUs}},
  author={Duong, N. and Nguyen, Q. and Nguyen, A. and Nguyen, H.},
  booktitle={In Proceedings of the Third Symposium on Information and Communication Technology},
  year={2012},
  pages={223--230},
}

@inproceedings{rank-sarma13,
  title={{Fast Distributed PageRank Computation}},
  author={Sarma, A. and Molla, A. and Pandurangan, G. and Upfal, E.},
  booktitle={Distributed Computing and Networking},
  publisher={Springer Berlin Heidelberg},
  address={Berlin, Heidelberg},
  year={2013},
  pages={11--26},
}

@article{incr-ramalingam96,
  title={{Bounded Incremental Computation}},
  author={Ramalingam, G.},
  journal={Lecture Notes in Computer Science},
  volume={1089},
  isbn={3-540-61320-X},
  year={1996},
  pages={101--129},
}

@inproceedings{cent-shukla20,
  title={{Efficient parallel algorithms for betweenness- and closeness-centrality in dynamic graphs}},
  author={Shukla, K. and Regunta, S. and Tondomker, S. and Kothapalli, K.},
  booktitle={International Conference on Supercomputing, Barcelona, Spain, June,},
  editor={Ayguad{\'{e}}, E. and Hwu, W. and Badia, R. and Hofstee, H.},
  publisher={ACM},
  pages={10:1--10:12},
  year={2020},
}

@article{sssp-khanda22,
  title={{Efficient Parallel Algorithm for Shortest Path Updates in Dynamic Networks at Scale}},
  author={Khanda, A. and Srinivasan, S. and Bhowmick, S. and Norris, B. and Das, S.},
  journal={IEEE Trans. Parallel Distributed Syst.},
  volume={33},
  number={4},
  pages={929--940},
  year={2022},
}

@inproceedings{conn-mccoll13,
  title={{A new parallel algorithm for connected components in dynamic graphs}},
  author={McColl, R. and Green, O. and Bader, D.},
  booktitle={20th Annual International Conference on High Performance Computing, HiPC , Bengaluru (Bangalore), Karnataka, India, December 18-21,},
  publisher={IEEE Computer Society},
  pages={246--255},
  year={2013},
}





@inproceedings{com-jian18,
  title={On efficiently detecting overlapping communities over distributed dynamic graphs},
  author={Jian, X. and Lian, X. and Chen, L.},
  booktitle={IEEE 34th International Conference on Data Engineering (ICDE)},
  pages={1328--1331},
  year={2018},
  organization={IEEE},
}

@article{com-zhuang19,
  title={DynaMo: Dynamic community detection by incrementally maximizing modularity},
  author={Zhuang, D. and Chang, J. and Li, M.},
  journal={IEEE Transactions on Knowledge and Data Engineering},
  volume={33},
  number={5},
  pages={1934--1945},
  year={2019},
  publisher={IEEE},
}

@inproceedings{com-chong13,
  title={An incremental batch technique for community detection},
  author={Chong, W. and Teow, L.},
  booktitle={Proceedings of the 16th International Conference on Information Fusion},
  pages={750--757},
  year={2013},
  organization={IEEE},
  publisher={IEEE},
  address={Istanbul, Turkey},
}

@article{com-cordeiro16,
  title={Dynamic community detection in evolving networks using locality modularity optimization},
  author={Cordeiro, M. and Sarmento, R. and Gama, J.},
  journal={Social Network Analysis and Mining},
  volume={6},
  number={1},
  pages={1--20},
  year={2016},
  publisher={Springer},
}

@inproceedings{com-nguyen11,
  title={Adaptive algorithms for detecting community structure in dynamic social networks},
  author={Nguyen, N. and Dinh, T. and Xuan, Y. and Thai, M.},
  booktitle={Proceedings IEEE INFOCOM},
  pages={2282--2290},
  year={2011},
  organization={IEEE},
}

@article{com-berahmand18,
  title={{LP-LPA: A link influence-based label propagation algorithm for discovering community structures in networks}},
  author={Berahmand, K. and Bouyer, A.},
  pages={1850062},
  url={http://www.worldscientific.com/doi/abs/10.1142/S0217979218500625},
  year={2018},
  month={mar},
  day={10},
  urldate={2023-01-09},
  journal={International Journal of Modern Physics B},
  volume={32},
  number={06},
  issn={0217-9792},
}

@inproceedings{com-aktunc15,
  title={{A dynamic modularity based community detection algorithm for large-scale networks: DSLM}},
  author={Aktunc, R. and Toroslu, I. and Ozer, M. and Davulcu, H.},
  booktitle={Proceedings of the IEEE/ACM international conference on advances in social networks analysis and mining},
  pages={1177--1183},
  year={2015},
}

@article{com-nath19,
  title={{Detecting intrinsic communities in evolving networks}},
  author={Nath, K. and Roy, S.},
  pages={13},
  year={2019},
  month={Dec},
  urldate={2023-01-08},
  journal={Social network analysis and mining},
  volume={9},
  number={1},
  issn={1869-5450},
}

@article{com-sattari18,
  title={{A spreading activation-based label propagation algorithm for overlapping community detection in dynamic social networks}},
  author={Sattari, M. and Zamanifar, K.},
  pages={155-170},
  year={2018},
  month={Jan},
  urldate={2023-01-08},
  journal={Data \& knowledge engineering},
  volume={113},
  issn={0169023X},
}

@incollection{com-gorke10,
  booktitle={Experimental Algorithms},
  title={{Modularity-Driven Clustering of Dynamic Graphs}},
  author={Görke, R. and Maillard, P. and Staudt, C. and Wagner, D.},
  editor={Festa, P. and Hutchison, D. and Kanade, T. and Kittler, J. and Kleinberg, J. and Mattern, F. and Mitchell, J. and Naor, M. and Nierstrasz, O. and Rangan, C. and Steffen, B. and Sudan, M. and Terzopoulos, D. and Tygar, D. and Vardi, M. and Weikum, G.},
  series={Lecture Notes in Computer Science},
  pages={436-448},
  publisher={Springer Berlin Heidelberg},
  url={http://link.springer.com/10.1007/978-3-642-13193-6\_37},
  year={2010},
  urldate={2023-01-07},
  volume={6049},
  isbn={978-3-642-13192-9},
  issn={0302-9743},
  address={Berlin, Heidelberg},
}

@inproceedings{com-bergerwolf06,
  author={Berger-Wolf, T. and Saia, J.},
  title={{A Framework for Analysis of Dynamic Social Networks}},
  year={2006},
  isbn={1595933395},
  publisher={Association for Computing Machinery},
  address={New York, NY, USA},
  url={https://doi.org/10.1145/1150402.1150462},
  booktitle={Proceedings of the 12th ACM SIGKDD International Conference on Knowledge Discovery and Data Mining},
  pages={523–528},
  numpages={6},
  keywords={disease spread, algorithms, dynamic social networks},
  location={Philadelphia, PA, USA},
  series={KDD '06},
}

@article{com-palla07,
  title={{Quantifying social group evolution.}},
  author={Palla, G. and Barabási, A. and Vicsek, T.},
  pages={664-667},
  url={http://dx.doi.org/10.1038/nature05670},
  year={2007},
  month={apr},
  day={5},
  urldate={2023-01-07},
  journal={Nature},
  volume={446},
  number={7136},
  pmid={17410175},
}

@article{com-han17,
  title={{Community detection in dynamic networks via adaptive label propagation}},
  author={Han, J. and Li, W. and Zhao, L. and Su, Z. and Zou, Y. and Deng, W.},
  journal={PloS one},
  volume={12},
  number={11},
  pages={e0188655},
  year={2017},
  publisher={Public Library of Science San Francisco, CA USA},
}

@inproceedings{com-xie13,
  title={{LabelrankT: Incremental community detection in dynamic networks via label propagation}},
  author={Xie, J. and Chen, M. and Szymanski, B.},
  booktitle={Proceedings of the Workshop on Dynamic Networks Management and Mining},
  pages={25--32},
  year={2013},
  address={New York, USA},
  publisher={ACM},
}

@article{com-xing14,
  title={{A node influence based label propagation algorithm for community detection in networks}},
  author={Xing, Y. and Meng, F. and Zhou, Y. and Zhu, M. and Shi, M. and Sun, G.},
  journal={The Scientific World Journal},
  volume={2014},
  year={2014},
  publisher={Hindawi},
  pages={1--14},
}

@article{com-you20,
  title={{A three-stage algorithm on community detection in social networks}},
  author={You, X. and Ma, Y. and Liu, Z.},
  journal={Knowledge-Based Systems},
  volume={187},
  pages={104822},
  year={2020},
  publisher={Elsevier},
}

@article{com-kim15,
  title={{Community detection in multi-layer graphs: A survey}},
  author={Kim, J. and Lee, J.},
  journal={ACM SIGMOD Record},
  volume={44},
  number={3},
  pages={37--48},
  year={2015},
  publisher={ACM New York, NY, USA},
}

@article{com-gulbahce08,
  title={{The art of community detection}},
  author={Gulbahce, N. and Lehmann, S.},
  journal={BioEssays},
  volume={30},
  number={10},
  pages={934--938},
  year={2008},
  publisher={Wiley Online Library},
}

@article{com-javed18,
  title={{Community detection in networks: A multidisciplinary review}},
  author={Javed, M. and Younis, M. and Latif, S. and Qadir, J. and Baig, A.},
  pages={87-111},
  url={http://linkinghub.elsevier.com/retrieve/pii/S1084804518300560},
  year={2018},
  month={apr},
  urldate={2023-01-07},
  journal={Journal of Network and Computer Applications},
  volume={108},
  issn={10848045},
}

@article{com-traag11,
  title={{Narrow scope for resolution-limit-free community detection}},
  author={Traag, V. and Dooren, P. and Nesterov, Y.},
  journal={Physical Review E},
  volume={84},
  number={1},
  pages={016114},
  year={2011},
  publisher={APS},
}

@article{com-girvan02,
  title={{Community structure in social and biological networks}},
  author={Girvan, M. and Newman, M.},
  journal={Proceedings of the national academy of sciences},
  volume={99},
  number={12},
  pages={7821--7826},
  year={2002},
  publisher={National Acad Sciences},
}

@inproceedings{com-zakrzewska15,
  title={{A dynamic algorithm for local community detection in graphs}},
  author={Zakrzewska, A. and Bader, D.},
  booktitle={IEEE/ACM International Conference on Advances in Social Networks Analysis and Mining (ASONAM)},
  pages={559--564},
  year={2015},
  organization={IEEE},
}

@inproceedings{com-whang13,
  title={{Overlapping community detection using seed set expansion}},
  author={Whang, J. and Gleich, D. and Dhillon, I.},
  booktitle={Proceedings of the 22nd ACM international conference on Information \& Knowledge Management},
  pages={2099--2108},
  year={2013},
}

@inproceedings{com-xie11,
  title={{SLPA: Uncovering overlapping communities in social networks via a speaker-listener interaction dynamic process}},
  author={Xie, J. and Szymanski, B. and Liu, X.},
  booktitle={IEEE 11th International Conference on Data Mining Workshops},
  pages={344--349},
  year={2011},
  organization={IEEE},
  publisher={IEEE},
  address={Vancouver, Canada},
}

@inproceedings{com-kloster14,
  title={{Heat kernel based community detection}},
  author={Kloster, K. and Gleich, D.},
  booktitle={Proceedings of the 20th ACM SIGKDD international conference on Knowledge discovery and data mining},
  pages={1386--1395},
  year={2014},
  publisher={ACM},
  address={New York, USA},
}

@article{com-rosvall08,
  title={{Maps of random walks on complex networks reveal community structure}},
  author={Rosvall, M. and Bergstrom, C.},
  journal={Proceedings of the national academy of sciences},
  volume={105},
  number={4},
  pages={1118--1123},
  year={2008},
  publisher={National Acad Sciences},
}

@article{com-gupta22,
  title={{A review of clique-based overlapping community detection algorithms}},
  author={Gupta, S. and Singh, D. and Choudhary, J.},
  journal={Knowledge and Information Systems},
  pages={2023–-2058},
  year={2022},
  volume={64},
  number={8},
  publisher={Springer},
}

@article{com-derenyi05,
  title={{Clique percolation in random networks}},
  author={Der{\'e}nyi, I. and Palla, G. and Vicsek, T.},
  journal={Physical review letters},
  volume={94},
  number={16},
  pages={160202},
  year={2005},
  publisher={APS},
}

@inproceedings{com-maity14,
  title={{Extended Clique percolation method to detect overlapping community structure}},
  author={Maity, S. and Rath, S.},
  booktitle={International Conference on Advances in Computing, Communications and Informatics (ICACCI)},
  pages={31--37},
  year={2014},
  organization={IEEE},
  publisher={IEEE},
  address={Delhi, India},
}

@article{com-newman16,
  title={{Estimating the number of communities in a network}},
  author={Newman, M. and Reinert, G.},
  journal={Physical review letters},
  volume={117},
  number={7},
  pages={078301},
  year={2016},
  publisher={APS},
}

@article{com-come15,
  title={{Model selection and clustering in stochastic block models based on the exact integrated complete data likelihood}},
  author={Côme, E. and Latouche, P.},
  issn={1471-082X},
  issue={6},
  journal={Statistical Modelling},
  month={3},
  note={doi: 10.1177/1471082X15577017},
  pages={564-589},
  publisher={SAGE Publications India},
  volume={15},
  url={https://doi.org/10.1177/1471082X15577017},
  year={2015},
}


@article{com-fortunato10,
  title={{Community detection in graphs}},
  author={Fortunato, S.},
  journal={Physics reports},
  volume={486},
  number={3-5},
  pages={75--174},
  year={2010},
  publisher={Elsevier},
}

@article{com-newman06,
  title={{Finding community structure in networks using the eigenvectors of matrices}},
  author={Newman, M.},
  journal={Physical review E},
  volume={74},
  number={3},
  pages={036104},
  year={2006},
  publisher={APS},
}

@article{com-reichardt06,
  title={{Statistical mechanics of community detection}},
  author={Reichardt, J. and Bornholdt, S.},
  journal={Physical review E},
  volume={74},
  number={1},
  pages={016110},
  year={2006},
  publisher={APS},
}

@article{com-guimera05,
  title={{Functional cartography of complex metabolic networks}},
  author={Guimera, R. and Amaral, L.},
  journal={Nature},
  volume={433},
  number={7028},
  pages={895--900},
  year={2005},
  publisher={Nature Publishing Group},
}

@article{com-brandes07,
  title={{On modularity clustering}},
  author={Brandes, U. and Delling, D. and Gaertler, M. and Gorke, R. and Hoefer, M. and Nikoloski, Z. and Wagner, D.},
  journal={IEEE transactions on knowledge and data engineering},
  volume={20},
  number={2},
  pages={172--188},
  year={2007},
  publisher={IEEE},
}

@inproceedings{com-shi09,
  title={{A new genetic algorithm for community detection}},
  author={Shi, C. and Wang, Y. and Wu, B. and Zhong, C.},
  booktitle={International conference on complex sciences},
  pages={1298--1309},
  year={2009},
  organization={Springer},
}

@book{com-karatas18,
  title={{Application Areas of Community Detection: A Review}},
  author={Karataş, A. and Şahin, S.},
  month={12},
  pages={65-70},
  year={2018},
}

@inproceedings{com-yin16,
  title={Node-grained incremental community detection for streaming networks},
  author={Yin, S. and Chen, S. and Feng, Z. and Huang, K. and He, D. and Zhao, P. and Yang, M.},
  booktitle={IEEE 28th International Conference on Tools with Artificial Intelligence (ICTAI)},
  pages={585--592},
  year={2016},
  organization={IEEE},
}

@misc{com-shang14,
  title={{A real-time detecting algorithm for tracking community structure of dynamic networks}},
  author={Shang, J. and Liu, L. and Xie, F. and Chen, Z. and Miao, J. and Fang, X. and Wu, C.},
  journal={arXiv preprint arXiv:.},
  year={2014},
}

@inproceedings{com-li17,
  title={A dynamic community detection algorithm based on parallel incremental related vertices},
  author={Li, G. and Guo, K. and Chen, Y. and Wu, L. and Zhu, D.},
  booktitle={IEEE 2nd International Conference on Big Data Analysis (ICBDA)},
  pages={779--783},
  year={2017},
  organization={IEEE},
  publisher={IEEE},
  address={Beijing, China},
}

@inproceedings{com-liu14,
  title={{Community Detection Based on Graph Dynamical Systems with Asynchronous Runs}},
  author={Liu, J. and Wei, Z.},
  isbn={2379-1896},
  journal={Second International Symposium on Computing and Networking},
  pages={463-469},
  year={2014},
}

@article{com-gregory10,
  title={{Finding overlapping communities in networks by label propagation}},
  author={Gregory, S.},
  issue={10},
  journal={New Journal of Physics},
  month={10},
  pages={103018},
  volume={12},
  year={2010},
}

@book{com-scott92,
  title={Network analysis: A handbook},
  author={Scott, J.},
  year={1992},
  publisher={Sage Publications},
}

@article{com-benncir21,
  title={{Disjoint and Non-Disjoint Community Detection with Control of Overlaps Between Communities}},
  author={NCir, C. and Maiza, I. and Bouaguel, W. and Essoussi, N.},
  issn={2661-8907},
  issue={1},
  journal={SN Computer Science},
  pages={15},
  volume={2},
  url={https://doi.org/10.1007/s42979-020-00391-w},
  year={2021},
}

@article{com-zarayeneh21,
  title={{Delta-Screening: A Fast and Efficient Technique to Update Communities in Dynamic Graphs}},
  author={Zarayeneh, N. and Kalyanaraman, A.},
  journal={IEEE transactions on network science and engineering},
  volume={8},
  number={2},
  year={2021},
  month={Apr},
  pages={1614--1629},
}

@inproceedings{com-naim17,
  title={{Community detection on the GPU}},
  author={Naim, M. and Manne, F. and Halappanavar, M. and Tumeo, A.},
  booktitle={IEEE International Parallel and Distributed Processing Symposium (IPDPS)},
  isbn={978-1-5386-3914-6},
  publisher={IEEE},
  year={2017},
  month={May},
  pages={625--634},
  address={Orlando, Florida, USA},
}

@article{com-traag19,
  title={{From Louvain to Leiden: guaranteeing well-connected communities.}},
  author={Traag, V. and Waltman, L. and Eck, N.},
  journal={Scientific Reports},
  volume={9},
  number={1},
  year={2019},
  month={Mar},
  pages={5233},
}

@article{com-lu15,
  title={{Parallel heuristics for scalable community detection}},
  author={Lu, H. and Halappanavar, M. and Kalyanaraman, A.},
  journal={Parallel computing},
  volume={47},
  year={2015},
  month={Aug},
  pages={19--37},
}

@inproceedings{com-jain17,
  title={{DCEIL: Distributed Community Detection with the CEIL Score}},
  author={Jain, A. and Nasre, R. and Ravindran, B.},
  booktitle={IEEE 19th International Conference on High Performance Computing and Communications; IEEE 15th International Conference on Smart City; IEEE 3rd International Conference on Data Science and Systems (HPCC/SmartCity/DSS)},
  isbn={978-1-5386-2588-0},
  publisher={IEEE},
  year={2017},
  month={Dec},
  pages={146--153},
  address={Bangkok, Thailand},
}

@article{com-chopade17,
  title={{A Framework for Community Detection in Large Networks Using Game-Theoretic Modeling}},
  author={Chopade, P. and Zhan, J.},
  journal={IEEE Transactions on Big Data},
  volume={3},
  number={3},
  year={2017},
  month={Sep},
  pages={276--288},
}

@inproceedings{com-ghoshal19,
  title={{A fast parallel genetic algorithm based approach for community detection in large networks}},
  author={Ghoshal, A. and Das, N. and Bhattacharjee, S. and Chakraborty, G.},
  booktitle={11th International Conference on Communication Systems \& Networks (COMSNETS)},
  isbn={978-1-5386-7902-9},
  publisher={IEEE},
  year={2019},
  month={Jan},
  pages={95--101},
  address={Bangalore, India},
}

@inproceedings{com-sattar20,
  title={{Community Detection using Semi-supervised Learning with Graph Convolutional Network on GPUs}},
  isbn={978-1-7281-6251-5},
  booktitle={IEEE International Conference on Big Data (Big Data)},
  publisher={IEEE},
  author={Sattar, N. and Arifuzzaman, S.},
  year={2020},
  month={Dec},
  pages={5237--5246},
}

@incollection{com-bansal11,
  title={Fast community detection for dynamic complex networks},
  author={Bansal, S. and Bhowmick, S. and Paymal, P.},
  booktitle={Complex networks},
  pages={196--207},
  year={2011},
  publisher={Springer},
}

@article{com-alayyoub19,
  title={{Improving fuzzy C-mean-based community detection in social networks using dynamic parallelism}},
  author={Al-Ayyoub, M. and Al-andoli, M. and Jararweh, Y. and Smadi, M. and Gupta, B.},
  journal={Computers \& Electrical Engineering},
  volume={74},
  year={2019},
  month={Mar},
  pages={533--546},
}

@inproceedings{com-ghoshal17,
  title={{On diameter based community structure identification in networks}},
  author={Ghoshal, A. and Das, N.},
  booktitle={Proceedings of the 18th International Conference on Distributed Computing and Networking - ICDCN ’17},
  address={New York, New York, USA},
  isbn={9781450348393},
  publisher={ACM Press},
  year={2017},
  month={Jan},
  pages={1--6},
}

@article{com-liu19,
  title={{A divide and agglomerate algorithm for community detection in social networks}},
  author={Liu, Z. and Ma, Y.},
  journal={Information sciences},
  volume={482},
  year={2019},
  month={May},
  pages={321--333},
}

@inbook{com-ruan15,
  title={{Community discovery: simple and scalable approaches}},
  author={Ruan, Y. and Fuhry, D. and Liang, J. and Wang, Y. and Parthasarathy, S.},
  booktitle={User Community Discovery},
  series={Human--Computer Interaction Series},
  collection={Human--Computer Interaction Series},
  publisher={Springer International Publishing},
  isbn={978-3-319-23834-0},
  address={Cham},
  year={2015},
  pages={23--54},
}

@article{com-taufan20,
  title={{Determining Community Structure and Modularity in Social Network using Genetic Algorithm}},
  author={Aditama, T. and Sn, A.},
  journal={Indonesian Journal of Computing and Cybernetics Systems},
  volume={14},
  year={2020},
  pages={219--230},
}

@article{com-lu20,
  title={{Improving Efficiency of Graph Clustering by Genetic Algorithm Using Multi-Objective Optimization}},
  author={Lu, Y. and Chakraborty, G.},
  journal={International Journal of Applied Science and Engineering},
  volume={17},
  number={2},
  year={2020},
  month={Jun},
  pages={157--173},
}

@inproceedings{com-kozawa17,
  title={{GPU-Accelerated Graph Clustering via Parallel Label Propagation}},
  author={Kozawa, Y. and Amagasa, T. and Kitagawa, H.},
  booktitle={Proceedings of the ACM on Conference on Information and Knowledge Management - CIKM ’17},
  address={New York, New York, USA},
  isbn={9781450349185},
  publisher={ACM Press},
  year={2017},
  month={Nov},
  pages={567--576},
}

@inproceedings{com-liu20,
  title={{Direction-optimizing label propagation and its application to community detection}},
  author={Liu, X. and Halappanavar, M. and Barker, K. and Lumsdaine, A. and Gebremedhin, A.},
  booktitle={Proceedings of the 17th ACM International Conference on Computing Frontiers},
  isbn={9781450379564},
  address={New York, NY, USA},
  publisher={ACM},
  year={2020},
  month={May},
  pages={192--201},
}

@misc{wiki-labelprop,
  title={{Label propagation algorithm}},
  url={https://en.wikipedia.org/wiki/Label_propagation_algorithm},
  journal={Wikipedia},
}

@misc{wiki-dynamicprob,
  title={{Dynamic problem (algorithms)}},
  url={https://en.wikipedia.org/wiki/Dynamic_problem_(algorithms)},
  journal={Wikipedia},
}

@article{com-raghavan07,
  title={{Near linear time algorithm to detect community structures in large-scale networks}},
  author={Raghavan, U. and Albert, R. and Kumara, S.},
  journal={Physical Review E},
  volume={76},
  number={3},
  year={2007},
  month={Sep},
  pages={036106-1--036106-11},
}

@article{com-newman04,
  title={{Detecting community structure in networks}},
  author={Newman, M.},
  journal={The European Physical Journal B - Condensed Matter},
  volume={38},
  number={2},
  year={2004},
  month={Mar},
  pages={321--330},
}

@misc{com-rita20,
  title={{Infomap Algorithm. An algorithm for community finding}},
  url={https://towardsdatascience.com/infomap-algorithm-9b68b7e8b86},
  journal={Towards Data Science},
  author={Rita, L.},
  year={2020},
  month={Apr},
}

@article{infomap-rosvall09,
  title={{The map equation}},
  author={Rosvall, M. and Axelsson, D. and Bergstrom, C.},
  journal={The European Physical Journal Special Topics},
  volume={178},
  number={1},
  year={2009},
  month={Nov},
  pages={13--23},
}

@inproceedings{com-zeng18,
  title={{A Distributed Infomap Algorithm for Scalable and High-Quality Community Detection}},
  author={Zeng, J. and Yu, H.},
  booktitle={Proceedings of the 47th International Conference on Parallel Processing - ICPP},
  address={New York, New York, USA},
  isbn={9781450365109},
  publisher={ACM Press},
  year={2018},
  month={Aug},
  pages={1--11},
}

@inproceedings{com-faysal19,
  title={{Distributed Community Detection in Large Networks using An Information-Theoretic Approach}},
  author={Faysal, M. and Arifuzzaman, S.},
  booktitle={IEEE International Conference on Big Data (Big Data)},
  isbn={978-1-7281-0858-2},
  publisher={IEEE},
  year={2019},
  month={Dec},
  pages={4773--4782},
  address={Los Angeles, CA, USA},
}

@inproceedings{com-zeng19,
  title={{Effectively Unified optimization for Large-scale Graph Community Detection}},
  author={Zeng, J. and Yu, H.},
  booktitle={IEEE International Conference on Big Data (Big Data)},
  isbn={978-1-7281-0858-2},
  publisher={IEEE},
  year={2019},
  month={Dec},
  pages={475--482},
  address={Los Angeles, CA, USA},
}

@article{com-samie17,
  title={{Change-aware community detection approach for dynamic social networks}},
  author={Samie, M. and Hamzeh, A.},
  journal={Applied Intelligence},
  volume={48},
  number={1},
  year={2017},
  month={Jun},
  pages={1--19},
}

@misc{com-zeitz17,
  title={{Engineering Distributed GraphClustering using MapReduce}},
  url={https://i11www.iti.kit.edu/_media/teaching/theses/ma-zeitz-17.pdf},
  journal={Karlsruhe Institute of Technology},
  author={Zeitz, T.},
  year={2017},
  month={May},
}

@inproceedings{com-ryu16,
  title={{Quick community detection of big graph data using modified louvain algorithm}},
  author={Ryu, S. and Kim, D.},
  booktitle={IEEE 18th International Conference on High Performance Computing and Communications; IEEE 14th International Conference on Smart City; IEEE 2nd International Conference on Data Science and Systems (HPCC/SmartCity/DSS)},
  isbn={978-1-5090-4297-5},
  publisher={IEEE},
  year={2016},
  month={Dec},
  pages={1442--1445},
  address={Sydney, NSW},
}

@inproceedings{com-zeng15,
  title={{Parallel Modularity-Based Community Detection on Large-Scale Graphs}},
  author={Zeng, J. and Yu, H.},
  booktitle={IEEE International Conference on Cluster Computing},
  isbn={978-1-4673-6598-7},
  publisher={IEEE},
  year={2015},
  month={Sep},
  pages={1--10},
}

@article{com-drakopoulos18,
  title={{Graph communities in Neo4j}},
  author={Drakopoulos, G. and Gourgaris, P. and Kanavos, A.},
  journal={Evolving Systems},
  year={2018},
  month={Jun},
  pages={1--11},
}

@inproceedings{com-halappanavar17,
  title={{Scalable static and dynamic community detection using Grappolo}},
  author={Halappanavar, M. and Lu, H. and Kalyanaraman, A. and Tumeo, A.},
  booktitle={IEEE High Performance Extreme Computing Conference (HPEC)},
  isbn={978-1-5386-3472-1},
  publisher={IEEE},
  year={2017},
  month={Sep},
  pages={1--6},
  address={Waltham, MA USA},
}

@inproceedings{com-bhowmik19,
  title={{HyDetect: A Hybrid CPU-GPU Algorithm for Community Detection}},
  author={Bhowmik, A. and Vadhiyar, S.},
  booktitle={IEEE 26th International Conference on High Performance Computing, Data, and Analytics (HiPC)},
  isbn={978-1-7281-4535-8},
  publisher={IEEE},
  year={2019},
  month={Dec},
  pages={2--11},
  address={Goa, India},
}

@article{com-souravlas20,
  title={{Hybrid CPU-GPU Community Detection in Weighted Networks}},
  author={Souravlas, S. and Sifaleras, A. and Katsavounis, S.},
  journal={IEEE access: practical innovations, open solutions},
  volume={8},
  year={2020},
  pages={57527--57551},
}

@misc{com-fontolan20,
  title={{Modularity Based Community Detection on the GPU}},
  url={http://dspace.unive.it/handle/10579/17433},
  journal={Università Ca’ Foscari Venezia},
  author={Fontolan, F.},
  year={2020},
  month={Jul},
}

@article{com-mohammadi20,
  title={{Accelerating Louvain community detection algorithm on graphic processing unit}},
  author={Mohammadi, M. and Fazlali, M. and Hosseinzadeh, M.},
  journal={The Journal of supercomputing},
  year={2020},
  month={Nov},
}

@inproceedings{com-cheong13,
  title={{Hierarchical Parallel Algorithm for Modularity-Based Community Detection Using GPUs}},
  author={Cheong, C. and Huynh, H. and Lo, D. and Goh, R.},
  booktitle={Proceedings of the 19th International Conference on Parallel Processing},
  keywords={community detection, social networks, parallel algorithm, GPU},
  year={2013},
  isbn={9783642400469},
  publisher={Springer-Verlag},
  address={Berlin, Heidelberg},
  pages={775--787},
  numpages={13},
  location={Aachen, Germany},
  series={Euro-Par'13},
}

@inproceedings{com-forster16,
  title={{Louvain community detection with parallel heuristics on GPUs}},
  booktitle={IEEE 20th Jubilee International Conference on Intelligent Engineering Systems (INES)},
  author={Forster, R.},
  isbn={978-1-5090-1216-9},
  publisher={IEEE},
  year={2016},
  month={Jun},
  pages={227--232},
  address={Budapest, Hungary},
}

@inproceedings{com-ghosh19,
  title={{Scaling and quality of modularity optimization methods for graph clustering}},
  author={Ghosh, S. and Halappanavar, M. and Tumeo, A. and Kalyanarainan, A.},
  booktitle={IEEE High Performance Extreme Computing Conference (HPEC)},
  isbn={978-1-7281-5020-8},
  publisher={IEEE},
  year={2019},
  month={Sep},
  pages={1--6},
}

@inproceedings{com-sattar19,
  title={Overcoming MPI Communication Overhead for Distributed Community Detection},
  author={Sattar, N. and Arifuzzaman, S.},
  editor={Majumdar, A. and Arora, R.},
  booktitle={Software Challenges to Exascale Computing},
  publisher={Springer Singapore},
  year={2019},
  address={Singapore},
  pages={77--90},
  isbn={978-981-13-7729-7},
}

@inbook{part-hossain21,
  title={{Impact of AVX-512 Instructions on Graph Partitioning Problems.}},
  author={Hossain, M. and Saule, E.},
  booktitle={50th International Conference on Parallel Processing Workshop},
  publisher={Association for Computing Machinery},
  isbn={9781450384414},
  place={New York, NY, USA},
  year={2021},
}

@inproceedings{com-gheibi20,
  title={{Cache Efficient Louvain with Local RCM}},
  author={Gheibi, S. and Banerjee, T. and Ranka, S. and Sahni, S.},
  booktitle={IEEE Symposium on Computers and Communications (ISCC)},
  isbn={978-1-7281-8086-1},
  publisher={IEEE},
  year={2020},
  month={Jul},
  pages={1--6},
}

@article{com-fazlali17,
  title={{Adaptive parallel Louvain community detection on a multicore platform}},
  author={Fazlali, M. and Moradi, E. and Malazi, H.},
  journal={Microprocessors and microsystems},
  volume={54},
  year={2017},
  month={Oct},
  pages={26--34},
}

@inbook{com-bhowmick13,
  title={A template for parallelizing the louvain method for modularity maximization},
  author={Bhowmick, S. and Srinivasan, S.},
  editor={Mukherjee, A. and Choudhury, M. and Peruani, F. and Ganguly, N. and Mitra, B.},
  series={Modeling and simulation in science, engineering and technology},
  collection={Modeling and simulation in science, engineering and technology},
  booktitle={Dynamics on and of complex networks, volume 2},
  isbn={978-1-4614-6728-1},
  publisher={Springer New York},
  place={New York, NY},
  year={2013},
  pages={111--124},
}

@misc{com-leskovec21,
  title={{CS224W: Machine Learning with Graphs | 2021 | Lecture 13.3 - Louvain Algorithm}},
  url={https://www.youtube.com/watch?v=0zuiLBOIcsw},
  author={Leskovec, J.},
  journal={YouTube},
  year={2021},
}

@misc{wiki-louvain,
  title={Louvain method},
  url={https://en.wikipedia.org/wiki/Louvain_method},
  author={Wikipedia},
  year={2023},
}

@article{com-lancichinetti09,
  title={Community detection algorithms: a comparative analysis.},
  author={Lancichinetti, A. and Fortunato, S.},
  journal={Physical Review. E, Statistical, Nonlinear, and Soft Matter Physics},
  volume={80},
  number={5 Pt 2},
  year={2009},
  month={Nov},
  pages={056117},
}

@article{com-blondel08,
  title={{Fast unfolding of communities in large networks}},
  author={Blondel, V. and Guillaume, J. and Lambiotte, R. and Lefebvre, E.},
  journal={Journal of Statistical Mechanics: Theory and Experiment},
  volume={2008},
  number={10},
  year={2008},
  month={Oct},
  pages={P10008},
}

@article{com-souravlas21,
  title={A classification of community detection methods in social networks: a survey},
  author={Souravlas, S. and Sifaleras, A. and Tsintogianni, M. and Katsavounis, S.},
  journal={International journal of general systems},
  volume={50},
  number={1},
  year={2021},
  month={Jan},
  pages={63--91},
}

@inproceedings{com-chatterjee19,
  title={Detection of communities in large scale networks},
  author={Chatterjee, B. and Saha, H.},
  booktitle={IEEE 10th Annual Information Technology, Electronics and Mobile Communication Conference (IEMCON)},
  isbn={978-1-7281-2530-5},
  publisher={IEEE},
  year={2019},
  month={Oct},
  pages={1051--1060},
}

@article{graph-sakr21,
  title={The future is big graphs},
  author={Sakr, S. and Bonifati, A. and Voigt, H. and Iosup, A. and Ammar, K. and Angles, R. and Aref, W. and Arenas, M. and Besta, M. and Boncz, P. and al., e.},
  journal={Communications of the ACM},
  volume={64},
  number={9},
  year={2021},
  month={Sep},
  pages={62--71},
}

@inproceedings{rank-giri20,
  title={{HyPR: Hybrid Page Ranking on Evolving Graphs}},
  author={Giri, H. and Haque, M. and Banerjee, D.},
  booktitle={Proc. IEEE 27th International Conference on High Performance Computing, Data, and Analytics (HiPC)},
  year={2020},
  pages={62-71},
}

@article{bfs-shiloach81,
  title={{An On-Line Edge-Deletion Problem}},
  author={Shiloach, Y. and Even, S.},
  year={1981},
  date={Jan. 1981},
  publisher={Association for Computing Machinery},
  address={New York, NY, USA},
  volume={28},
  number={1},
  issn={0004-5411},
  url={https://doi.org/10.1145/322234.322235},
  journal={J. ACM},
  month={jan},
  pages={1--4},
  numpages={4},
}

@inbook{conn-king08,
  title={{Fully Dynamic Transitive Closure}},
  author={King, V.},
  editor={Kao, M.},
  booktitle={Encyclopedia of Algorithms},
  year={2008},
  publisher={Springer US},
  address={Boston, MA},
  pages={343--344},
  isbn={978-0-387-30162-4},
  url={https://doi.org/10.1007/978-0-387-30162-4_158},
}

@article{graph-shun13,
  author={Shun, J. and Blelloch, G.},
  title={{Ligra: A Lightweight Graph Processing Framework for Shared Memory}},
  year={2013},
  date={August 2013},
  publisher={Association for Computing Machinery},
  address={New York, NY, USA},
  volume={48},
  number={8},
  issn={0362-1340},
  url={https://doi.org/10.1145/2517327.2442530},
  journal={SIGPLAN Not.},
  month={feb},
  pages={135--146},
  numpages={12},
  keywords={shared memory, parallel programming, graph algorithms},
}

@article{rank-sarma11,
  author={Sarma, A. and Gollapudi, S. and Panigrahy, R.},
  title={{Estimating PageRank on Graph Streams}},
  year={2011},
  date={May 2011},
  publisher={Association for Computing Machinery},
  address={New York, NY, USA},
  volume={58},
  number={3},
  issn={0004-5411},
  url={https://doi.org/10.1145/1970392.1970397},
  journal={J. ACM},
  month={jun},
  articleno={13},
  numpages={19},
  keywords={mixing time, Algorithms, graph conductance, PageRank, streaming algorithms, random walk},
}

@article{graph-italiano99,
  title={{Dynamic graph algorithms}},
  author={Italiano, G. and Eppstein, D. and Galil, Z.},
  journal={Algorithms and Theory of Computation Handbook, CRC Press},
  year={1999},
}

@article{brain-vandenheuvel13,
  title={{Network hubs in the human brain}},
  journal={Trends in Cognitive Sciences},
  volume={17},
  number={12},
  pages={683-696},
  year={2013},
  note={Special Issue: The Connectome},
  issn={1364-6613},
  url={https://www.sciencedirect.com/science/article/pii/S1364661313002167},
  author={{van den Heuvel}, M. and Sporns, O.},
}

@article{brain-saberi21,
  title={{Topological impact of negative links on the stability of resting-state brain network.}},
  volume={11},
  number={1},
  journal={Scientific Reports},
  author={Saberi, M. and Khosrowabadi, R. and Khatibi, A. and Misic, B. and Jafari, G.},
  year={2021},
  month={Jan},
  pages={2176},
}

@book{graph-newman18,
  title={{Networks}},
  author={Newman, M.},
  year={2018},
  publisher={Oxford university press},
}

@article{cent-bonacich87,
  title={{Power and Centrality: A Family of Measures}},
  author={Bonacich, P.},
  issn={00029602, 15375390},
  url={http://www.jstor.org/stable/2780000},
  journal={American Journal of Sociology},
  number={5},
  pages={1170--1182},
  publisher={University of Chicago Press},
  urldate={2022-04-11},
  volume={92},
  year={1987},
}

@article{cent-borgatti05,
  title={{Centrality and network flow}},
  author={Borgatti, S.},
  journal={Social Networks},
  volume={27},
  number={1},
  pages={55-71},
  year={2005},
  issn={0378-8733},
  url={https://www.sciencedirect.com/science/article/pii/S0378873304000693},
  keywords={Centrality, Network flow, Typology},
}

@article{cent-borgatti06,
  title={{A Graph-theoretic perspective on centrality}},
  journal={Social Networks},
  volume={28},
  number={4},
  pages={466-484},
  year={2006},
  issn={0378-8733},
  url={https://www.sciencedirect.com/science/article/pii/S0378873305000833},
  author={Borgatti, S. and Everett, M.},
}

@article{politics-krackhardt90,
  title={{Assessing the Political Landscape: Structure, Cognition, and Power in Organizations}},
  author={Krackhardt, D.},
  issn={00018392},
  url={http://www.jstor.org/stable/2393394},
  journal={Administrative Science Quarterly},
  number={2},
  pages={342--369},
  publisher={[Sage Publications, Inc., Johnson Graduate School of Management, Cornell University]},
  urldate={2022-04-11},
  volume={35},
  year={1990},
}

@article{cent-lawyer15,
  title={{Understanding the influence of all nodes in a network.}},
  volume={5},
  journal={Scientific Reports},
  author={Lawyer, G.},
  year={2015},
  month={Mar},
  pages={8665},
}

@article{epidemic-dasilva12,
  title={{Predicting epidemic outbreak from individual features of the spreaders}},
  author={Silva, R. and Viana, M. and Costa, L.},
  url={https://doi.org/10.1088/1742-5468/2012/07/p07005},
  year={2012},
  month={jul},
  publisher={{IOP} Publishing},
  volume={2012},
  number={07},
  pages={P07005},
  journal={Journal of Statistical Mechanics: Theory and Experiment},
}

@article{epidemic-bauer12,
  title={{Identifying influential spreaders and efficiently estimating infection numbers in epidemic models: A walk counting approach}},
  author={Bauer, F. and Lizier, J.},
  url={https://doi.org/10.1209/0295-5075/99/68007},
  year={2012},
  month={sep},
  publisher={{IOP} Publishing},
  volume={99},
  number={6},
  pages={68007},
  journal={{EPL} (Europhysics Letters)},
}

@article{epidemic-sikic13,
  title={{Epidemic centrality — is there an underestimated epidemic impact of network peripheral nodes?}},
  author={Šikić, M. and Lančić, A. and Antulov-Fantulin, N. and Štefančić, H.},
  volume={86},
  number={10},
  journal={The European Physical Journal B},
  year={2013},
  month={Oct},
  pages={440},
}

@article{graph-everett98,
  title={{Analyzing clique overlap}},
  author={Everett, M. and Borgatti, S.},
  year={1998},
  month={01},
  pages={49-61},
  volume={21},
  journal={CONNECTIONS},
}

@article{graph-faghani13,
  title={{A Study of XSS Worm Propagation and Detection Mechanisms in Online Social Networks}},
  author={Faghani, M. and Nguyen, U.},
  journal={IEEE Transactions on Information Forensics and Security},
  year={2013},
  volume={8},
  number={11},
  pages={1815-1826},
}

@article{cent-piraveenan13,
  title={{Percolation Centrality: Quantifying Graph-Theoretic Impact of Nodes during Percolation in Networks}},
  author={Piraveenan, M. and Prokopenko, M. and Hossain, L.},
  journal={PLOS ONE},
  publisher={Public Library of Science},
  year={2013},
  month={01},
  volume={8},
  url={https://doi.org/10.1371/journal.pone.0053095},
  pages={1-14},
  number={1},
}

@misc{rank-network20q,
  title={How does Google rank webpages?},
  url={http://scenic.princeton.edu/network20q/lectures/Q3_notes.pdf},
}

@article{cent-katz53,
  title={{A new status index derived from sociometric analysis}},
  volume={18},
  number={1},
  journal={Psychometrika},
  author={Katz, L.},
  year={1953},
  month={Mar},
  pages={39--43},
}

@inbook{graph-newman16,
  title={{Mathematics of Networks}},
  author={Newman, M.},
  booktitle={The New Palgrave Dictionary of Economics},
  year={2016},
  publisher={Palgrave Macmillan UK},
  address={London},
  pages={1--8},
  isbn={978-1-349-95121-5},
  url={https://doi.org/10.1057/978-1-349-95121-5_2565-1},
}

@article{cent-freeman77,
  title={{A Set of Measures of Centrality Based on Betweenness}},
  author={Freeman, L.},
  issn={00380431},
  url={http://www.jstor.org/stable/3033543},
  journal={Sociometry},
  number={1},
  pages={35--41},
  publisher={[American Sociological Association, Sage Publications, Inc.]},
  urldate={2022-04-11},
  volume={40},
  year={1977},
}

@article{cent-bavelas50,
  title={{Communication Patterns in Task-Oriented Groups}},
  author={Bavelas, A.},
  journal={The Journal of the Acoustical Society of America},
  volume={22},
  number={6},
  pages={725-730},
  year={1950},
  url={https://doi.org/10.1121/1.1906679},
  eprint={https://doi.org/10.1121/1.1906679},
}

@article{cent-sabidussi66,
  title={The centrality of a graph.},
  volume={31},
  number={4},
  journal={Psychometrika},
  author={Sabidussi, G.},
  year={1966},
  month={Dec},
  pages={581--603},
}

@inproceedings{rank-desikan05,
  title={{Incremental Page Rank Computation on Evolving Graphs}},
  author={Desikan, P. and Pathak, N. and Srivastava, J. and Kumar, V.},
  year={2005},
  isbn={1595930515},
  publisher={Association for Computing Machinery},
  address={New York, NY, USA},
  url={https://doi.org/10.1145/1062745.1062885},
  booktitle={Special Interest Tracks and Posters of the 14th International Conference on World Wide Web},
  pages={1094-1095},
  numpages={2},
  location={Chiba, Japan},
  series={WWW '05},
}

@misc{rank-chien01,
  author={Chien, S. and Dwork, C. and Kumar, R. and Sivakumar, D.},
  title={Towards Exploiting Link Evolution},
  year={2001},
}

@techreport{rank-avrachenkov04,
  title={{Decomposition of the Google PageRank and Optimal Linking Strategy}},
  author={Avrachenkov, K. and Litvak, N.},
  url={https://hal.inria.fr/inria-00071482},
  type={Research Report},
  number={RR-5101},
  institution={{INRIA}},
  year={2004},
  keywords={decomposition ; optimal linking ; perturbed markov chains ; google ; pagerank},
  pdf={https://hal.inria.fr/inria-00071482/file/RR-5101.pdf},
  hal_id={inria-00071482},
  hal_version={v1},
}

@article{rank-bianchini05,
  title={{Inside PageRank}},
  author={Bianchini, M. and Gori, M. and Scarselli, F.},
  year={2005},
  issue_date={February 2005},
  publisher={Association for Computing Machinery},
  address={New York, NY, USA},
  volume={5},
  number={1},
  issn={1533-5399},
  url={https://doi.org/10.1145/1052934.1052938},
  journal={ACM Trans. Internet Technol.},
  month={feb},
  pages={92--128},
  numpages={37},
  keywords={PageRank, Web page scoring, Information retrieval, searching the Web, search engines, Markov chains},
}

@article{conn-liang01,
  title={{Fully dynamic maintenance of k-connectivity in parallel}},
  author={Liang, W. and Brent, R. and Shen, H.},
  journal={IEEE Transactions on Parallel and Distributed Systems},
  year={2001},
  volume={12},
  number={8},
  pages={846-864},
}

@article{planar-galil99,
  title={Fully Dynamic Planarity Testing with Applications},
  author={Galil, Z. and Italiano, G. and Sarnak, N.},
  year={1999},
  issue_date={Jan. 1999},
  publisher={Association for Computing Machinery},
  address={New York, NY, USA},
  volume={46},
  number={1},
  issn={0004-5411},
  url={https://doi.org/10.1145/300515.300517},
  journal={J. ACM},
  month={jan},
  pages={28--91},
  numpages={64},
  keywords={planarity testing, planar graphs, dynamic graph algorithms},
}

@inproceedings{cut-italiano11,
  title={{Improved Algorithms for Min Cut and Max Flow in Undirected Planar Graphs}},
  author={Italiano, G. and Nussbaum, Y. and Sankowski, P. and Wulff-Nilsen, C.},
  year={2011},
  isbn={9781450306911},
  publisher={Association for Computing Machinery},
  address={New York, NY, USA},
  url={https://doi.org/10.1145/1993636.1993679},
  booktitle={Proceedings of the Forty-Third Annual ACM Symposium on Theory of Computing},
  pages={313--322},
  numpages={10},
  keywords={max flow, planar graph, min cut, dynamic algorithm},
  location={San Jose, California, USA},
  series={STOC '11},
}

@inproceedings{mst-henzinger97,
  title={{Maintaining minimum spanning trees in dynamic graphs}},
  author={Henzinger, M. and King, V.},
  editor={Degano, P. and Gorrieri, R. and Marchetti-Spaccamela, A.},
  booktitle={Automata, Languages and Programming},
  year={1997},
  publisher={Springer Berlin Heidelberg},
  address={Berlin, Heidelberg},
  pages={594--604},
  isbn={978-3-540-69194-5},
}

@article{apsp-demetrescu04,
  title={{A New Approach to Dynamic All Pairs Shortest Paths}},
  author={Demetrescu, C. and Italiano, G.},
  year={2004},
  issue_date={November 2004},
  publisher={Association for Computing Machinery},
  address={New York, NY, USA},
  volume={51},
  number={6},
  issn={0004-5411},
  url={https://doi.org/10.1145/1039488.1039492},
  journal={J. ACM},
  month={nov},
  pages={968--992},
  numpages={25},
  keywords={Dynamic graph algorithms, shortest paths},
}

@inproceedings{conn-demetrescu00,
  title={{Fully dynamic transitive closure: breaking through the O(n/sup 2/) barrier}},
  author={Demetrescu, C. and Italiano, G.},
  booktitle={Proceedings 41st Annual Symposium on Foundations of Computer Science},
  year={2000},
  volume={},
  number={},
  pages={381-389},
}

@inproceedings{conn-patrascu04,
  title={{Lower Bounds for Dynamic Connectivity}},
  author={Patrascu, M. and Demaine, E.},
  year={2004},
  isbn={1581138520},
  publisher={Association for Computing Machinery},
  address={New York, NY, USA},
  url={https://doi.org/10.1145/1007352.1007435},
  booktitle={Proceedings of the Thirty-Sixth Annual ACM Symposium on Theory of Computing},
  pages={546--553},
  numpages={8},
  keywords={dynamic connectivity, cell-probe complexity, partial sums problem, dynamic graph problems, lower bounds for data structures},
  location={Chicago, IL, USA},
  series={STOC '04},
}

@inproceedings{rank-wu04,
  author={Wu, J. and Aberer, K.},
  title={{Using siterank for decentralized computation of web document ranking}},
  booktitle={In Proc. of the Third Workshop on Adaptive Hypermedia and Adaptive Web-Based Systems},
  year={2004},
  pages={265--274},
}

@inproceedings{rank-broder04,
  author={Broder, A. and Lempel, R. and Maghoul, F. and Pedersen, J.},
  title={{Efficient pagerank approximation via graph aggregation}},
  booktitle={In Proceedings of the 13th international conference on World Wide Web},
  year={2004},
  pages={484--485},
}

@inproceedings{wang,
  author={Wang, Y. and DeWitt, D.},
  title={{Computing pagerank in a distributed internet search engine system}},
  booktitle={In Proceedings of the Thirtieth International Conference on Very Large Data Bases},
  year={2004},
  pages={420--431},
}

@inproceedings{rank-eiron04,
  author={Eiron, N. and McCurley, K. and Tomlin, J.},
  title={{Ranking the web frontier}},
  booktitle={In Proceedings of the 13th international conference on World Wide Web},
  year={2004},
  pages={309--318},
}

@inproceedings{com-leskovec08,
  author={Leskovec, J. and Lang, K. and Dasgupta, A. and Mahoney, M.},
  title={{Statistical properties of community structure in large social and information networks}},
  booktitle={Proceedings of the 17th International Conference on World Wide Web, {WWW} , Beijing, China, April 21-25,},
  pages={695--704},
  publisher={{ACM}},
  year={2008},
}

@inproceedings{rank-kohlschutter06,
  author={Kohlschutter, C. and Chirita, P. and Nejdl, W.},
  title={{Efficient parallel computation of pagerank}},
  booktitle={In Proc. of the 28th European Conference on IR Research},
  year={2006},
  pages={241--252},
}

@article{graph-broder00,
  author={Broder, A. and Kumar, R. and Maghoul, F. and Raghavan, P. and Rajagopalan, S. and Stata, R. and Tomkins, A. and Wiener, J.},
  title={{Graph structure in the web}},
  journal={Computer Networks},
  volume={33},
  year={2000},
  pages={309--320},
}

@article{rank-ivan11,
  author={Iv{\'{a}}n, G. and Grolmusz, V.},
  title={{When the Web meets the cell: using personalized PageRank for analyzing protein interaction networks}},
  journal={Bioinform.},
  volume={27},
  number={3},
  pages={405--407},
  year={2011},
}

@article{rank-gleich15,
  author={Gleich, D.},
  title={PageRank Beyond the Web},
  journal={{SIAM} Rev.},
  volume={57},
  number={3},
  pages={321--363},
  year={2015},
}

@inproceedings{graph-panyala17,
  author={Panyala, A. and Subasi, O. and Halappanavar, M. and Kalyanaraman, A. and Chavarria-Miranda, D. and Krishnamoorthy, S.},
  booktitle={IEEE 24th International Conference on High Performance Computing (HiPC)},
  title={{Approximate Computing Techniques for Iterative Graph Algorithms}},
  year={2017},
  pages={23-32},
}

@techreport{rank-page99,
  title={{The PageRank citation ranking: Bringing order to the web.}},
  author={Page, L. and Brin, S. and Motwani, R. and Winograd, T.},
  year={1999},
  institution={Stanford InfoLab},
}

@article{cent-jamour18,
  author={Jamour, F. and Skiadopoulos, S. and Kalnis, P.},
  title={{Parallel Algorithm for Incremental Betweenness Centrality on Large Graphs}},
  journal={{IEEE} TPDS},
  volume={29},
  number={3},
  pages={659--672},
  year={2018},
}

@article{graph-eppstein97,
  title={{Sparsification — A technique for speeding up dynamic graph algorithms}},
  author={Eppstein, D. and Galil, Z. and Italiano, G. and Nissenzweig, A.},
  journal={J. ACM},
  publisher={ACM},
  volume={44},
  number={5},
  pages={669--696},
  month={September},
  year={1997},
  url={http://doi.acm.org/10.1145/265910.265914},
  review={MR-98k:68039},
}

@inproceedings{conn-haryan22,
  title={{Parallel fully dynamic maintenance of 2-connected component}},
  author={Haryan, C. and Ramakrishna, G. and Banerjee, D. and Kothapalli, K.},
  booktitle={In Proc. IEEE IPDPS},
  year={2022},
  comment={to appear},
}

@inproceedings{cent-lerman10,
  title={Centrality metric for dynamic networks},
  author={Lerman, K. and Ghosh, R. and Kang, J.},
  booktitle={Proceedings of the Eighth Workshop on Mining and Learning with Graphs},
  pages={70--77},
  year={2010},
  publisher={ACM},
  address={Washington, DC, USA},
}

@inproceedings{cent-li10,
  title={Fast computation of simrank for static and dynamic information networks},
  author={Li, C. and Han, J. and He, G. and Jin, X. and Sun, Y. and Yu, Y. and Wu, T.},
  booktitle={Proceedings of the 13th International Conference on Extending Database Technology},
  pages={465--476},
  year={2010},
  publisher={ACM},
  address={Lausanne, Switzerland},
}

@article{cent-bergamini16,
  title={Approximating betweenness centrality in fully dynamic networks},
  author={Bergamini, E. and Meyerhenke, H.},
  journal={Internet Mathematics},
  volume={12},
  number={5},
  pages={281--314},
  year={2016},
  publisher={Taylor \& Francis},
}

@article{path-zhang17,
  title={An adaptive amoeba algorithm for shortest path tree computation in dynamic graphs},
  author={Zhang, X. and Chan, F.T. and Yang, H. and Deng, Y.},
  journal={Information Sciences},
  volume={405},
  pages={123--140},
  year={2017},
  publisher={Elsevier},
}

@inproceedings{color-bhattacharya18,
  title={Dynamic algorithms for graph coloring},
  author={Bhattacharya, S. and Chakrabarty, D. and Henzinger, M. and Nanongkai, D.},
  booktitle={Proceedings of the Twenty-Ninth Annual ACM-SIAM Symposium on Discrete Algorithms},
  pages={1--20},
  year={2018},
  organization={SIAM},
}

@article{color-yuan17,
  title={Effective and efficient dynamic graph coloring},
  author={Yuan, L. and Qin, L. and Lin, X. and Chang, L. and Zhang, W.},
  journal={Proceedings of the VLDB Endowment},
  volume={11},
  number={3},
  pages={338--351},
  year={2017},
  publisher={VLDB Endowment},
}

@inproceedings{cent-shao20,
  title={Efficient closeness centrality computation for dynamic graphs},
  author={Shao, Z. and Guo, N. and Gu, Y. and Wang, Z. and Li, F. and Yu, G.},
  booktitle={Database Systems for Advanced Applications: 25th International Conference, DASFAA , Jeju, South Korea, September 24--27, , Proceedings, Part II},
  pages={534--550},
  year={2020},
  organization={Springer},
}

@inproceedings{cent-nathan17,
  title={A dynamic algorithm for updating katz centrality in graphs},
  author={Nathan, E. and Bader, D.},
  booktitle={Proceedings of the IEEE/ACM International Conference on Advances in Social Networks Analysis and Mining},
  pages={149--154},
  year={2017},
  publisher={ACM},
  address={Sydney, Australia},
}

@article{cent-regunta21,
  title={{Efficient parallel algorithms for dynamic closeness-and betweenness centrality}},
  author={Regunta, S. and Tondomker, S. and Shukla, K. and Kothapalli, K.},
  journal={Concurrency and Computation: Practice and Experience},
  year={2021},
  publisher={Wiley Online Library},
  pages={1--22},
  volume={0},
  number={0},
}

@inproceedings{conn-galil91,
  title={Maintaining biconnected components of dynamic planar graphs},
  author={Galil, Z. and Italiano, G.},
  booktitle={International Colloquium on Automata, Languages, and Programming},
  pages={339--350},
  year={1991},
  organization={Springer},
  publisher={Springer},
  address={Madrid, Spain},
}

@article{path-narvaez00,
  title={New dynamic algorithms for shortest path tree computation},
  author={Narvaez, P. and Siu, K. and Tzeng, H.},
  journal={IEEE/ACM Transactions On Networking},
  volume={8},
  number={6},
  pages={734--746},
  year={2000},
  publisher={IEEE},
}

@article{path-chan08,
  title={Shortest path tree computation in dynamic graphs},
  author={Chan, E. and Yang, Y.},
  journal={IEEE Transactions on Computers},
  volume={58},
  number={4},
  pages={541--557},
  year={2008},
  publisher={IEEE},
}

@article{path-khanda21,
  title={A parallel algorithm template for updating single-source shortest paths in large-scale dynamic networks},
  author={Khanda, A. and Srinivasan, S. and Bhowmick, S. and Norris, B. and Das, S.},
  journal={IEEE Transactions on Parallel and Distributed Systems},
  volume={33},
  number={4},
  pages={929--940},
  year={2021},
  publisher={IEEE},
}

@misc{com-shi21,
  title={Scalable community detection via parallel correlation clustering},
  author={Shi, J. and Dhulipala, L. and Eisenstat, D. and Lacki, J. and Mirrokni, V.},
  journal={arXiv preprint arXiv:.1},
  year={2021},
}

@article{com-rotta11,
  title={Multilevel local search algorithms for modularity clustering},
  author={Rotta, R. and Noack, A.},
  journal={Journal of Experimental Algorithmics (JEA)},
  volume={16},
  pages={2--1},
  year={2011},
  publisher={ACM New York, NY, USA},
}

@article{com-waltman13,
  title={A smart local moving algorithm for large-scale modularity-based community detection},
  author={Waltman, L. and Eck, N.},
  journal={The European physical journal B},
  volume={86},
  number={11},
  pages={1--14},
  year={2013},
  publisher={Springer},
}

@article{com-aldabobi22,
  title={An improved Louvain algorithm based on Node importance for Community detection},
  author={Aldabobi, A. and Sharieh, A. and Jabri, R.},
  journal={Journal of Theoretical and Applied Information Technology},
  volume={100},
  number={23},
  year={2022},
  pages={1--14},
}

@inproceedings{com-wickramaarachchi14,
  title={Fast parallel algorithm for unfolding of communities in large graphs},
  author={Wickramaarachchi, C. and Frincu, M. and Small, P. and Prasanna, V.},
  booktitle={IEEE High Performance Extreme Computing Conference (HPEC)},
  pages={1--6},
  year={2014},
  organization={IEEE},
  publisher={IEEE},
  address={Waltham, MA USA},
}

@inproceedings{com-gach14,
  title={Improving the Louvain algorithm for community detection with modularity maximization},
  author={Gach, O. and Hao, J.},
  booktitle={Artificial Evolution: 11th International Conference, Evolution Artificielle, EA , Bordeaux, France, October 21-23, . Revised Selected Papers 11},
  pages={145--156},
  year={2014},
  organization={Springer},
  publisher={Springer},
  address={Bordeaux, France},
}

@inproceedings{com-que15,
  title={Scalable community detection with the louvain algorithm},
  author={Que, X. and Checconi, F. and Petrini, F. and Gunnels, J.},
  booktitle={IEEE International Parallel and Distributed Processing Symposium},
  pages={28--37},
  year={2015},
  organization={IEEE},
  publisher={IEEE},
  address={Hyderabad, India},
}

@article{com-traag15,
  title={Faster unfolding of communities: Speeding up the Louvain algorithm},
  author={Traag, V.},
  journal={Physical Review E},
  volume={92},
  number={3},
  pages={032801},
  year={2015},
  publisher={APS},
}

@article{com-ozaki16,
  title={A simple acceleration method for the Louvain algorithm},
  author={Ozaki, N. and Tezuka, H. and Inaba, M.},
  journal={International Journal of Computer and Electrical Engineering},
  volume={8},
  number={3},
  pages={207},
  year={2016},
  publisher={IACSIT Press},
}

@article{com-zhang21,
  title={An improved Louvain algorithm for community detection},
  author={Zhang, J. and Fei, J. and Song, X. and Feng, J.},
  journal={Mathematical Problems in Engineering},
  volume={2021},
  year={2021},
  publisher={Hindawi},
  pages={1--14},
}

@inproceedings{com-you22,
  title={Research on improvement of Louvain community detection algorithm},
  author={You, Y. and Ren, L. and Zhang, Z. and Zhang, K. and Huang, J.},
  booktitle={2nd International Conference on Artificial Intelligence, Automation, and High-Performance Computing (AIAHPC )},
  volume={12348},
  pages={527--531},
  year={2022},
  publisher={SPIE},
  address={Zhuhai, China},
}

@article{com-gawande22,
  title={Towards scaling community detection on distributed-memory heterogeneous systems},
  author={Gawande, N. and Ghosh, S. and Halappanavar, M. and Tumeo, A. and Kalyanaraman, A.},
  journal={Parallel Computing},
  volume={111},
  pages={102898},
  year={2022},
  publisher={Elsevier},
}

@inproceedings{com-ghosh18,
  title={Distributed louvain algorithm for graph community detection},
  author={Ghosh, S. and Halappanavar, M. and Tumeo, A. and Kalyanaraman, A. and Lu, H. and Chavarria-Miranda, D. and Khan, A. and Gebremedhin, A.},
  booktitle={IEEE international parallel and distributed processing symposium (IPDPS)},
  pages={885--895},
  year={2018},
  organization={IEEE},
  publisher={IEEE},
  address={Vancouver, British Columbia, Canada},
}

@article{com-bhowmick22,
  title={Scalable multi-node multi-GPU Louvain community detection algorithm for heterogeneous architectures},
  author={Bhowmick, A. and Vadhiyar, S. and PV, V.},
  journal={Concurrency and Computation: Practice and Experience},
  pages={1--18},
  year={2022},
  publisher={Wiley Online Library},
  volume={34},
  number={17},
}

@inproceedings{com-held16,
  title={Dynamic clustering in social networks using louvain and infomap method},
  author={Held, P. and Krause, B. and Kruse, R.},
  booktitle={Third European Network Intelligence Conference (ENIC)},
  pages={61--68},
  year={2016},
  organization={IEEE},
  publisher={IEEE},
  address={Wroclaw, Poland},
}

@inproceedings{com-aynaud10,
  title={Static community detection algorithms for evolving networks},
  author={Aynaud, T. and Guillaume, J.},
  booktitle={8th International Symposium on Modeling and Optimization in Mobile, Ad Hoc, and Wireless Networks},
  pages={513--519},
  year={2010},
  organization={IEEE},
  publisher={IEEE},
  address={Avignon, France},
}

@inproceedings{com-meng16,
  title={A novel dynamic community detection algorithm based on modularity optimization},
  author={Meng, X. and Tong, Y. and Liu, X. and Zhao, S. and Yang, X. and Tan, S.},
  booktitle={7th IEEE international conference on software engineering and service science (ICSESS)},
  pages={72--75},
  year={2016},
  organization={IEEE},
  publisher={IEEE},
  address={Beijing,China},
}

@inproceedings{clique-dhulipala21,
  title={Parallel batch-dynamic k-clique counting},
  author={Dhulipala, L. and Liu, Q. and Shun, J. and Yu, S.},
  booktitle={Symposium on Algorithmic Principles of Computer Systems (APOCS)},
  pages={129--143},
  year={2021},
  organization={SIAM},
}

@misc{openmp18,
  title={{OpenMP} Application Program Interface Version 5.0},
  author={{OpenMP Architecture Review Board}},
  year={2018},
  url={https://www.openmp.org/wp-content/uploads/OpenMP-API-Specification-5.0.pdf},
}


@inproceedings{kcore-dhulipala22,
  title={Differential Privacy from Locally Adjustable Graph Algorithms: k-Core Decomposition, Low Out-Degree Ordering, and Densest Subgraphs},
  author={Dhulipala, L. and Liu, Q. and Raskhodnikova, S. and Shi, J. and Shun, J. and Yu, S.},
  booktitle={IEEE 63rd Annual Symposium on Foundations of Computer Science (FOCS)},
  pages={754--765},
  year={2022},
  organization={IEEE},
  publisher={IEEE},
  address={Denver, CO, USA},
}

@article{rank-eedi22,
  title={{An Improved/Optimized Practical Non-Blocking PageRank Algorithm for Massive Graphs}},
  author={Eedi, H. and Karra, S. and Peri, S. and Ranabothu, N. and Utkoor, R.},
  journal={International Journal of Parallel Programming},
  volume={50},
  number={3-4},
  year={2022},
  pages={381--404},
  publisher={Springer},
}

@article{com-hu16,
  title={Role-based label propagation algorithm for community detection},
  author={Hu, Xuegang and He, Wei and Li, Huizong and Pan, Jianhan},
  journal={arXiv preprint arXiv:1601.06307},
  year={2016}
}

@article{com-jin21,
  title={A survey of community detection approaches: From statistical modeling to deep learning},
  author={Jin, Di and Yu, Zhizhi and Jiao, Pengfei and Pan, Shirui and He, Dongxiao and Wu, Jia and Yu, Philip and Zhang, Weixiong},
  journal={IEEE Transactions on Knowledge and Data Engineering},
  year={2021},
  publisher={IEEE}
}

@inproceedings{graph-dhulipala20,
  title={Parallel batch-dynamic graphs: Algorithms and lower bounds},
  author={Dhulipala, Laxman and Durfee, David and Kulkarni, Janardhan and Peng, Richard and Sawlani, Saurabh and Sun, Xiaorui},
  booktitle={Proceedings of the Fourteenth Annual ACM-SIAM Symposium on Discrete Algorithms},
  pages={1300--1319},
  year={2020},
  organization={SIAM}
}

@inproceedings{com-riedy13,
  title={Multithreaded community monitoring for massive streaming graph data},
  author={Riedy, Jason and Bader, David A},
  booktitle={2013 IEEE International Symposium on Parallel \& Distributed Processing, Workshops and Phd Forum},
  pages={1646--1655},
  year={2013},
  organization={IEEE}
}

@misc{wiki-pr,
  title={{PageRank}},
  author={projects, C.t.W.},
  url={https://en.wikipedia.org/wiki/PageRank},
  journal={Wikipedia},
  year={2021},
  month={Jul},
}

@misc{wiki-ghummingbird,
  title={{Google Hummingbird}},
  author={projects, C.t.W.},
  url={https://en.wikipedia.org/wiki/Google_Hummingbird},
  journal={Wikipedia},
}

@article{snap14,
  title={{SNAP Datasets: Stanford Large Network Dataset Collection}},
  author={Leskovec, J. and Krevl, A.},
  year={2014},
  month={06},
}

@inproceedings{rank-garg16,
  title={{STIC-D: Algorithmic Techniques For Efficient Parallel Pagerank Computation on Real-World Graphs}},
  author={Garg, P. and Kothapalli, K.},
  booktitle={ACM ICDCN},
  year={2016},
  month={01},
  pages={1---10},
}

@article{rank-param21,
  title={{Adjusting PageRank parameters and Comparing results}},
  author={Sahu, S. and Kothapalli, K. and Banerjee, D.S.},
  year={2021},
  journal={},
}

@article{rank-stepwise21,
  title={{Effect of stepwise adjustment of Damping factor upon PageRank}},
  author={Sahu, S. and Kothapalli, K. and Banerjee, D.S.},
  journal={arXiv preprint arXiv:.0},
  year={2021},
}

@article{rank-adjust21,
  title={{Rank adjustment strategies for Dynamic PageRank}},
  url={https://gist.github.com/wolfram77/eb7a3b2e44e3c2069e046389b45ead03},
  author={{S. Sahu}},
  journal={},
  year={2021},
}

@article{rank-dead21,
  title={{Dead End handling strategies for PageRank algorithm}},
  url={https://gist.github.com/wolfram77/94c38b9cfbf0c855e5f42fa24a8602fc},
  author={{S. Sahu}},
  journal={},
  year={2021},
}

@article{rank-volta21,
  title={{Parallelizing PageRank for a Volta GPU}},
  url={https://gist.github.com/wolfram77/4ef16ab9699ac03a617b8731dd240e1f},
  author={{S. Sahu}},
  journal={},
  year={2021},
}

@article{rank-datatype21,
  title={{Adjusting Datatype of Rank vector and CSR Representation with PageRank}},
  url={https://gist.github.com/wolfram77/66882e8b7feaa8119f349a34906b14a7},
  author={{S. Sahu}},
  journal={},
  year={2021},
}

@article{rank-algo21,
  title={{STIC-D based Algorithmic Optimizations for Monolithic PageRank}},
  url={https://gist.github.com/wolfram77/12e5a19ff081b2e3280d04331a9976ca},
  author={Sahu, S.},
  journal={},
  year={2021},
}

@inbook{conn-king08,
  title={{Fully Dynamic Transitive Closure}},
  author={King, V.},
  editor={Kao, M.},
  booktitle={Encyclopedia of Algorithms},
  year={2008},
  publisher={Springer US},
  address={Boston, MA},
  pages={343--344},
  isbn={978-0-387-30162-4},
  url={https://doi.org/10.1007/978-0-387-30162-4_158},
}

@article{graph-shun13,
  author={Shun, J. and Blelloch, G.E.},
  title={{Ligra: A Lightweight Graph Processing Framework for Shared Memory}},
  year={2013},
  date={August 2013},
  publisher={Association for Computing Machinery},
  address={New York, NY, USA},
  volume={48},
  number={8},
  issn={0362-1340},
  url={https://doi.org/10.1145/2517327.2442530},
  journal={SIGPLAN Not.},
  month={feb},
  pages={135--146},
  numpages={12},
  keywords={shared memory, parallel programming, graph algorithms},
}

@article{rank-sarma11,
  author={Sarma, A.D. and Gollapudi, S. and Panigrahy, R.},
  title={{Estimating PageRank on Graph Streams}},
  year={2011},
  date={May 2011},
  publisher={Association for Computing Machinery},
  address={New York, NY, USA},
  volume={58},
  number={3},
  issn={0004-5411},
  url={https://doi.org/10.1145/1970392.1970397},
  journal={J. ACM},
  month={jun},
  articleno={13},
  numpages={19},
  keywords={mixing time, Algorithms, graph conductance, PageRank, streaming algorithms, random walk},
}

@article{cent-bonacich87,
  title={{Power and Centrality: A Family of Measures}},
  author={Bonacich, P.},
  issn={00029602, 15375390},
  url={http://www.jstor.org/stable/2780000},
  journal={American Journal of Sociology},
  number={5},
  pages={1170--1182},
  publisher={University of Chicago Press},
  urldate={2022-04-11},
  volume={92},
  year={1987},
}

@article{cent-borgatti05,
  title={{Centrality and network flow}},
  author={Borgatti, S.P.},
  journal={Social Networks},
  volume={27},
  number={1},
  pages={55-71},
  year={2005},
  issn={0378-8733},
  url={https://www.sciencedirect.com/science/article/pii/S0378873304000693},
  keywords={Centrality, Network flow, Typology},
}

@article{cent-borgatti06,
  title={{A Graph-theoretic perspective on centrality}},
  journal={Social Networks},
  volume={28},
  number={4},
  pages={466-484},
  year={2006},
  issn={0378-8733},
  url={https://www.sciencedirect.com/science/article/pii/S0378873305000833},
  author={Borgatti, S.P. and Everett, M.G.},
}

@article{cent-lawyer15,
  title={{Understanding the influence of all nodes in a network.}},
  volume={5},
  journal={Scientific Reports},
  author={Lawyer, G.},
  year={2015},
  month={Mar},
  pages={8665},
}

@article{graph-everett98,
  title={{Analyzing clique overlap}},
  author={Everett, M. and Borgatti, S.},
  year={1998},
  month={01},
  pages={49-61},
  volume={21},
  journal={CONNECTIONS},
}

@article{graph-faghani13,
  title={{A Study of XSS Worm Propagation and Detection Mechanisms in Online Social Networks}},
  author={Faghani, M.R. and Nguyen, U.T.},
  journal={IEEE Transactions on Information Forensics and Security},
  year={2013},
  volume={8},
  number={11},
  pages={1815-1826},
}

@article{cent-piraveenan13,
  title={{Percolation Centrality: Quantifying Graph-Theoretic Impact of Nodes during Percolation in Networks}},
  author={Piraveenan, M. and Prokopenko, M. and Hossain, L.},
  journal={PLOS ONE},
  publisher={Public Library of Science},
  year={2013},
  month={01},
  volume={8},
  url={https://doi.org/10.1371/journal.pone.0053095},
  pages={1-14},
  number={1},
}

@article{cent-katz53,
  title={{A new status index derived from sociometric analysis}},
  volume={18},
  number={1},
  journal={Psychometrika},
  author={Katz, L.},
  year={1953},
  month={Mar},
  pages={39--43},
}

@article{cent-freeman77,
  title={{A Set of Measures of Centrality Based on Betweenness}},
  author={Freeman, L.C.},
  issn={00380431},
  url={http://www.jstor.org/stable/3033543},
  journal={Sociometry},
  number={1},
  pages={35--41},
  publisher={[American Sociological Association, Sage Publications, Inc.]},
  urldate={2022-04-11},
  volume={40},
  year={1977},
}

@article{cent-bavelas50,
  title={{Communication Patterns in Task-Oriented Groups}},
  author={Bavelas, A.},
  journal={The Journal of the Acoustical Society of America},
  volume={22},
  number={6},
  pages={725-730},
  year={1950},
  url={https://doi.org/10.1121/1.1906679},
  eprint={https://doi.org/10.1121/1.1906679},
}

@article{cent-sabidussi66,
  title={The centrality of a graph.},
  volume={31},
  number={4},
  journal={Psychometrika},
  author={Sabidussi, G.},
  year={1966},
  month={Dec},
  pages={581--603},
}

@inproceedings{rank-wang04,
  author={Wang, Y. and DeWitt, D.J.},
  title={{Computing pagerank in a distributed internet search engine system}},
  booktitle={In Proceedings of the Thirtieth International Conference on Very Large Data Bases},
  year={2004},
  pages={420--431},
}

@inproceedings{com-leskovec08,
  author={Leskovec, J. and Lang, K.J. and Dasgupta, A. and Mahoney, M.W.},
  title={{Statistical properties of community structure in large social and information networks}},
  booktitle={Proceedings of the 17th International Conference on World Wide Web, {WWW} , Beijing, China, April 21-25,},
  pages={695--704},
  publisher={{ACM}},
  year={2008},
}

@inproceedings{cent-lerman10,
  title={Centrality metric for dynamic networks},
  author={Lerman, K. and Ghosh, R. and Kang, J.H.},
  booktitle={Proceedings of the Eighth Workshop on Mining and Learning with Graphs},
  pages={70--77},
  year={2010},
}

@inproceedings{cent-li10,
  title={Fast computation of simrank for static and dynamic information networks},
  author={Li, C. and Han, J. and He, G. and Jin, X. and Sun, Y. and Yu, Y. and Wu, T.},
  booktitle={Proceedings of the 13th International Conference on Extending Database Technology},
  pages={465--476},
  year={2010},
}

@article{cent-bergamini16,
  title={Approximating betweenness centrality in fully dynamic networks},
  author={Bergamini, E. and Meyerhenke, H.},
  journal={Internet Mathematics},
  volume={12},
  number={5},
  pages={281--314},
  year={2016},
  publisher={Taylor \& Francis},
}

@inproceedings{cent-nathan17,
  title={A dynamic algorithm for updating katz centrality in graphs},
  author={Nathan, E. and Bader, D.A.},
  booktitle={Proceedings of the IEEE/ACM International Conference on Advances in Social Networks Analysis and Mining},
  pages={149--154},
  year={2017},
}

@inproceedings{conn-galil91,
  title={Maintaining biconnected components of dynamic planar graphs},
  author={Galil, Z. and Italiano, G.F.},
  booktitle={International Colloquium on Automata, Languages, and Programming},
  pages={339--350},
  year={1991},
  organization={Springer},
}

@article{path-narvaez00,
  title={New dynamic algorithms for shortest path tree computation},
  author={Narvaez, P. and Siu, K. and Tzeng, H.},
  journal={IEEE/ACM Transactions On Networking},
  volume={8},
  number={6},
  pages={734--746},
  year={2000},
  publisher={IEEE},
}

@article{path-chan08,
  title={Shortest path tree computation in dynamic graphs},
  author={Chan, E.P. and Yang, Y.},
  journal={IEEE Transactions on Computers},
  volume={58},
  number={4},
  pages={541--557},
  year={2008},
  publisher={IEEE},
}

@inproceedings{work-herlihy11,
  author={Herlihy, M. and Shavit, N.},
  title={{On the Nature of Progress}},
  booktitle={Principles of Distributed Systems - 15th International Conference, {OPODIS} , Toulouse, France, December 13-16, . Proceedings},
  pages={313--328},
  year={2011},
}

@inproceedings{rank-sahu22,
  title={Dynamic Batch Parallel Algorithms for Updating PageRank},
  author={Sahu, S. and Kothapalli, K. and Banerjee, D.S.},
  booktitle={IEEE IPDPS Workshops},
  pages={1129--1138},
  year={2022},
}

@misc{rapids,
  title={{rapidsai/nvgraph}},
  author={Fender, A. and Thejaswi, N.S. and Rees, B.},
  url={https://github.com/rapidsai/nvgraph/blob/main/cpp/src/pagerank.cu#L149},
  journal={},
}

@book{openmp-chapman07,
  title={Using OpenMP: portable shared memory parallel programming},
  author={Chapman, B. and Jost, G. and Pas, R.V.D.},
  year={2007},
  publisher={MIT press},
}

@inproceedings{com-mccoll13,
  title={A new parallel algorithm for connected components in dynamic graphs},
  author={McColl, R. and Green, O. and Bader, D.A.},
  booktitle={20th Annual International Conference on High Performance Computing},
  pages={246--255},
  year={2013},
  organization={IEEE},
}

@article{graph-xu18,
  title={Fault-tolerance for distributed iterative dataflows in action},
  author={Xu, C. and Lemaitre, R.P. and Soto, J. and Markl, V.},
  journal={Proc. of VLDB},
  volume={11},
  pages={1990--1993},
  year={2018},
}

@article{graph-yan16,
  title={Lightweight fault tolerance in large-scale distributed graph processing},
  author={Yan, D. and Cheng, J. and Yang, F.},
  journal={arXiv preprint arXiv:.6},
  year={2016},
}

@article{graph-wang17,
  title={An I/O-efficient and adaptive fault-tolerant framework for distributed graph computations},
  author={Wang, Z. and Gu, Y. and Bao, Y. and Yu, G. and Gao, L.},
  journal={Distributed and Parallel Databases},
  volume={35},
  pages={177--196},
  year={2017},
  publisher={Springer},
}

@article{rank-langville06,
  title={A reordering for the PageRank problem},
  author={Langville, A.N. and Meyer, C.D.},
  journal={SIAM SISC},
  volume={27},
  number={6},
  pages={2112--2120},
  year={2006},
  publisher={SIAM},
}

@article{graph-luo20,
  title={Processing graphs with barrierless asynchronous parallel model on shared-memory systems},
  author={Luo, L. and Liu, Y.},
  journal={FGCS},
  volume={106},
  pages={641--652},
  year={2020},
  publisher={Elsevier},
}

@inproceedings{graph-presser15,
  title={Greft: Arbitrary fault-tolerant distributed graph processing},
  author={Presser, D. and Lung, L.C. and Correia, M.},
  booktitle={IEEE International Congress on Big Data},
  pages={452--459},
  year={2015},
  organization={IEEE},
}

@inproceedings{rank-sankaralingam03,
  title={Distributed pagerank for p2p systems},
  author={Sankaralingam, K. and Sethumadhavan, S. and Browne, J.C.},
  booktitle={High Performance Distributed Computing, . Proceedings. 12th IEEE International Symposium on},
  pages={58--68},
  year={2003},
  organization={IEEE},
}

@article{graph-xue16,
  title={Processing concurrent graph analytics with decoupled computation model},
  author={Xue, J. and Yang, Z. and Hou, S. and Dai, Y.},
  journal={IEEE Transactions on Computers},
  volume={66},
  number={5},
  pages={876--890},
  year={2016},
  publisher={IEEE},
}

@article{graph-zhou21,
  title={A Fault-Tolerant Distributed Framework for Asynchronous Iterative Computations},
  author={Zhou, T. and Gao, L. and Guan, X.},
  journal={IEEE Transactions on Parallel and Distributed Systems},
  volume={32},
  number={8},
  pages={2062--2073},
  year={2021},
  publisher={IEEE},
}

@inproceedings{cluster-zaharia12,
  title={Resilient distributed datasets: A fault-tolerant abstraction for in-memory cluster computing},
  author={Zaharia, M. and Chowdhury, M. and Das, T. and Dave, A. and Ma, J. and McCauly, M. and Franklin, M.J. and Shenker, S. and Stoica, I.},
  booktitle={Presented as part of the 9th $\{$USENIX$\}$ Symposium on Networked Systems Design and Implementation ($\{$NSDI$\}$ 12)},
  pages={15--28},
  year={2012},
}

@article{cluster-zaharia10,
  title={Spark: Cluster computing with working sets.},
  author={Zaharia, M. and Chowdhury, M. and Franklin, M.J. and Shenker, S. and Stoica, I. and others},
  journal={HotCloud},
  volume={10},
  number={10-10},
  pages={95},
  year={2010},
  publisher={Boston, MA},
}

@inproceedings{sql-xin13,
  title={Shark: SQL and rich analytics at scale},
  author={Xin, R.S. and Rosen, J. and Zaharia, M. and Franklin, M.J. and Shenker, S. and Stoica, I.},
  booktitle={Proceedings of the ACM SIGMOD International Conference on Management of data},
  pages={13--24},
  year={2013},
}

@inproceedings{graph-xu16,
  title={Efficient fault-tolerance for iterative graph processing on distributed dataflow systems},
  author={Xu, C. and Holzemer, M. and Kaul, M. and Markl, V.},
  booktitle={IEEE ICDE},
  pages={613--624},
  year={2016},
}

@article{graph-xu17,
  title={On fault tolerance for distributed iterative dataflow processing},
  author={Xu, C. and Holzemer, M. and Kaul, M. and Soto, J. and Markl, V.},
  journal={IEEE Transactions on Knowledge and Data Engineering},
  volume={29},
  number={8},
  pages={1709--1722},
  year={2017},
  publisher={IEEE},
}


@inproceedings{hipc20,
  author={Giri, H.K. and Haque, M. and Banerjee, D.S.},
  title={HyPR: Hybrid Page Ranking on Evolving Graphs},
  booktitle={27th {IEEE} International Conference on High Performance Computing, Data, and Analytics, HiPC , Pune, India, December 16-19,},
  pages={62--71},
  publisher={{IEEE}},
  year={2020},
}

@inproceedings{hipc22,
  author={Khanda, A. and Bhowmick, S. and Liang, X. and Das, S.},
  title={Parallel Vertex Color Update on Large Dynamic Networks},
  booktitle={IEEE HiPC},
  pages={235--244},
  year={2022},
}

@inproceedings{Herlihy+:nature:opodis:2011,
  title={{On the Nature of Progress}},
  author={Herlihy, M. and Shavit, N.},
  booktitle={OPODIS},
  pages={313--328},
  year={2011},
  organization={Springer}
}

@inproceedings{DBLP:conf/icdcn/GargK16,
  author = {Garg, P. and Kothapalli, K.},
  title = {{STIC-D:} algorithmic techniques for efficient parallel pagerank computation on real-world graphs},
  booktitle = {ACM ICDCN},
  pages = {15:1--15:10},
  year = {2016},
 }

@book{Herlihy+:Art:Book:2020,
  title={The Art of Multiprocessor Programming},
  author={Herlihy, M. and Shavit, N. and Luchangco, V. and Spear, M.},
  isbn={9780123914064},
  year={2020},
  publisher={Elsevier Science}
}


%--------New references in Related work section---------------

@inproceedings{yang2020graphabcd,
  title={GraphABCD: Scaling out graph analytics with asynchronous block coordinate descent},
  author={Yang, Y. and Li, Z. and Deng, Y. and Liu, Z. and Yin, S. and Wei, S. and Liu, L.},
  booktitle={ACM/IEEE ISCA},
  pages={419--432},
  year={2020},
}

@article{sha2017technical,
  title={Technical report: Accelerating dynamic graph analytics on gpus},
  author={Sha, M. and Li, Y. and He, B. and Tan, K.},
  journal={arXiv preprint arXiv:.1},
  year={2017},
}

@inproceedings{liu2019simd,
  title={Simd-x: Programming and processing of graph algorithms on gpus},
  author={Liu, H. and Huang, H.H.},
  booktitle={Proceedings of the USENIX Conference on Usenix Annual Technical Conference},
  year={2019},
}

@article{yu2022toward,
  title={Toward High-Performance Delta-Based Iterative Processing with a Group-Based Approach},
  author={Yu, H. and Jiang, X. and Zhao, J. and Qi, H. and Zhang, Y. and Liao, X. and Liu, H. and Mao, F. and Jin, H.},
  journal={Journal of Computer Science and Technology},
  volume={37},
  number={4},
  pages={797--813},
  year={2022},
  publisher={Springer},
}

@article{rank-plimpton11,
  title={MapReduce in MPI for large-scale graph algorithms},
  author={Plimpton, S.J. and Devine, K.D.},
  journal={Parallel Computing},
  volume={37},
  number={9},
  pages={610--632},
  year={2011},
  publisher={Elsevier},
}

@inproceedings{mapreduce-kambatla10,
  title={Asynchronous algorithms in MapReduce},
  author={Kambatla, K. and Rapolu, N. and Jagannathan, S. and Grama, A.},
  booktitle={IEEE International Conference on Cluster Computing},
  pages={245--254},
  year={2010},
  organization={IEEE},
}

@article{rank-dubey22,
  title={Fast parallel computation of PageRank scores with improved convergence time},
  author={Dubey, H. and Khare, N.},
  journal={IJDMMM},
  volume={14},
  number={1},
  pages={63--88},
  year={2022},
  publisher={Inderscience Publishers (IEL)},
}

@misc{nvgraph,
  url={https://docs.nvidia.com/cuda/archive/10.1/pdf/nvGRAPH_Library.pdf},
  title={{nvGRAPH Library User's Guide}},
  author={{NVIDIA Corporation}},
  year={2019},
  month={Aug},
}

@inproceedings{graph-dhulipala19,
  title={Low-latency graph streaming using compressed purely-functional trees},
  author={Dhulipala, L. and Blelloch, G.E. and Shun, J.},
  booktitle={ACM SIGPLAN PLDI},
  pages={918--934},
  year={2019},
}

@inproceedings{rank-andersen07,
  title={Local partitioning for directed graphs using pagerank},
  author={Andersen, R. and Chung, F. and Lang, K.},
  booktitle={in Proc. WAW},
  pages={166--178},
  year={2007},
}

@inproceedings{rank-desikan06,
  title={Divide and conquer approach for efficient pagerank computation},
  author={Desikan, P.K. and Pathak, N. and Srivastava, J. and Kumar, V.},
  booktitle={Proceedings of the 6th international conference on Web engineering},
  pages={233--240},
  year={2006},
}

@misc{jvm-beckwith13,
  title={Garbage first garbage collector tuning},
  url={https://www.oracle.com/technical-resources/articles/java/g1gc.html},
  author={Beckwith, M.},
  year={2013},
  month={Aug},
}

@misc{report,
  title={Lock-Free PageRank Computation for Dynamic Graphs (Extended report)},
  author={{Authors of this paper}},
  year={2023},
  url={https://bit.ly/icdcn23-01},
}

@article{fault-bridges12,
  title={Fault-tolerant linear solvers via selective reliability},
  author={Bridges, P.G. and Ferreira, K.B. and Heroux, M.A. and Hoemmen, M.},
  journal={arXiv preprint arXiv:.},
  year={2012},
}

@inproceedings{fault-hochschild21,
  title={Cores that don't count},
  author={Hochschild, P.H. and Turner, P. and Mogul, J.C. and Govindaraju, R. and Ranganathan, P. and Culler, D.E. and Vahdat, A.},
  booktitle={ACM HotOS},
  pages={9--16},
  year={2021},
}

@inproceedings{rank-andersen08,
  title={Trust-based recommendation systems: an axiomatic approach},
  author={Andersen, Reid and Borgs, Christian and Chayes, Jennifer and Feige, Uriel and Flaxman, Abraham and Kalai, Adam and Mirrokni, Vahab and Tennenholtz, Moshe},
  booktitle={Proceedings of the 17th international conference on World Wide Web},
  pages={199--208},
  year={2008}
}

@article{rank-chung09,
  title={Distributing antidote using pagerank vectors},
  author={Chung, Fan and Horn, Paul and Tsiatas, Alexander},
  journal={Internet Mathematics},
  volume={6},
  number={2},
  pages={237--254},
  year={2009},
  publisher={Taylor \& Francis}
}

@article{rank-chung14,
  title={Multicommodity allocation for dynamic demands using PageRank vectors},
  author={Chung, Fan and Horn, Paul and Hughes, Jacob},
  journal={Internet Mathematics},
  volume={10},
  number={1-2},
  pages={49--65},
  year={2014},
  publisher={Taylor \& Francis}
}

@article{rank-chung12,
  title={Finding and visualizing graph clusters using PageRank optimization},
  author={Chung, Fan and Tsiatas, Alexander},
  journal={Internet Mathematics},
  volume={8},
  number={1-2},
  pages={46--72},
  year={2012},
  publisher={Taylor \& Francis}
}

@inproceedings{rank-chung11,
  title={Dirichlet PageRank and trust-based ranking algorithms},
  author={Chung, Fan and Tsiatas, Alexander and Xu, Wensong},
  booktitle={Algorithms and Models for the Web Graph: 8th International Workshop, WAW 2011, Atlanta, GA, USA, May 27-29, 2011. Proceedings 8},
  pages={103--114},
  year={2011},
  organization={Springer}
}

@article{gene-lee11,
  title={Prioritizing candidate disease genes by network-based boosting of genome-wide association data},
  author={Lee, Insuk and Blom, U Martin and Wang, Peggy I and Shim, Jung Eun and Marcotte, Edward M},
  journal={Genome research},
  volume={21},
  number={7},
  pages={1109--1121},
  year={2011},
  publisher={Cold Spring Harbor Lab}
}

@inproceedings{rank-bahmani12,
  title={Pagerank on an evolving graph},
  author={Bahmani, Bahman and Kumar, Ravi and Mahdian, Mohammad and Upfal, Eli},
  booktitle={Proceedings of the 18th ACM SIGKDD international conference on Knowledge discovery and data mining},
  pages={24--32},
  year={2012}
}

@inproceedings{rank-kim15,
  title={Incremental iteration method for fast pagerank computation},
  author={Kim, Kyung Soo and Choi, Yong Suk},
  booktitle={Proceedings of the 9th International Conference on Ubiquitous Information Management and Communication},
  pages={1--5},
  year={2015}
}

@inproceedings{rank-zhang17,
  title={Efficient incremental pagerank of evolving graphs on GPU},
  author={Zhang, T.},
  booktitle={IEEE ICCSEC},
  pages={1232--1236},
  year={2017},
}

@article{rank-pashikanti22,
  title={FPPR: fast pessimistic (dynamic) PageRank to update PageRank in evolving directed graphs on network changes},
  author={Pashikanti, R.P. and Kundu, S.},
  journal={SNAM},
  volume={12},
  number={1},
  pages={141},
  year={2022},
  publisher={Springer}
}

@inproceedings{rank-rossi12,
  title={Dynamic pagerank using evolving teleportation},
  author={Rossi, Ryan A and Gleich, David F},
  booktitle={International Workshop on Algorithms and Models for the Web-Graph},
  pages={126--137},
  year={2012},
  organization={Springer}
}

@inproceedings{rank-berberich07,
  title={Comparing apples and oranges: normalized pagerank for evolving graphs},
  author={Berberich, Klaus and Bedathur, Srikanta and Weikum, Gerhard and Vazirgiannis, Michalis},
  booktitle={Proceedings of the 16th international conference on world wide web},
  pages={1145--1146},
  year={2007}
}

@article{cycle-fraigniaud22,
  title={Fault Tolerant Coloring of the Asynchronous Cycle},
  author={Fraigniaud, Pierre and Lambein-Monette, Patrick and Rabie, Mika{\"e}l},
  journal={arXiv preprint arXiv:2207.11198},
  year={2022}
}

@inproceedings{lock-cong05,
  title={Lock-free parallel algorithms: An experimental study},
  author={Cong, G. and Bader, D.},
  booktitle={HiPC},
  pages={516--527},
  year={2005},
  organization={Springer}
}

@misc{wiki-pr,
  title={{PageRank}},
  author={Contributors to Wikimedia projects},
  url={https://en.wikipedia.org/wiki/PageRank},
  journal={Wikipedia},
  year={2021},
  month={Jul},
}

@misc{wiki-ghummingbird,
  title={{Google Hummingbird}},
  author={Contributors to Wikimedia projects},
  url={https://en.wikipedia.org/wiki/Google_Hummingbird},
  journal={Wikipedia},
}

@article{snap14,
  title ={{SNAP Datasets: Stanford Large Network Dataset Collection}},
  author={Leskovec, Jure and Krevl, Andrej},
  year  ={2014},
  month ={06},
}

@article{rank-param21,
  title={{Adjusting PageRank parameters and Comparing results}},
  author={Sahu, Subhajit and Kothapalli, Kishore and Banerjee, Dip Sankar},
  year={2021},
  journal={}
}

@article{rank-stepwise21,
  title={{Effect of stepwise adjustment of Damping factor upon PageRank}},
  author={Sahu, Subhajit and Kothapalli, Kishore and Banerjee, Dip Sankar},
  journal={arXiv preprint arXiv:2108.04150},
  year={2021},
}

@article{rank-adjust21,
  title={{Rank adjustment strategies for Dynamic PageRank}},
  url={https://gist.github.com/wolfram77/eb7a3b2e44e3c2069e046389b45ead03},
  author={{S. Sahu}},
  journal={},
  year={2021},
}

@article{rank-dead21,
  title={{Dead End handling strategies for PageRank algorithm}},
  url={https://gist.github.com/wolfram77/94c38b9cfbf0c855e5f42fa24a8602fc},
  author={{S. Sahu}},
  journal={},
  year={2021},
}

@article{rank-volta21,
  title={{Parallelizing PageRank for a Volta GPU}},
  url={https://gist.github.com/wolfram77/4ef16ab9699ac03a617b8731dd240e1f},
  author={{S. Sahu}},
  journal={},
  year={2021},
}

@article{rank-datatype21,
  title={{Adjusting Datatype of Rank vector and CSR Representation with PageRank}},
  url={https://gist.github.com/wolfram77/66882e8b7feaa8119f349a34906b14a7},
  author={{S. Sahu}},
  journal={},
  year={2021},
}

@article{rank-algo21,
  title={{STIC-D based Algorithmic Optimizations for Monolithic PageRank}},
  url  ={https://gist.github.com/wolfram77/12e5a19ff081b2e3280d04331a9976ca},
  author ={Sahu, Subhajit},
  journal={},
  year   ={2021},
}

@misc{wiki-labelprop,
  title={{Label propagation algorithm}},
  url={https://en.wikipedia.org/wiki/Label_propagation_algorithm},
  journal={Wikipedia},
}

@misc{wiki-dynamicprob,
  title={{Dynamic problem (algorithms)}},
  url={https://en.wikipedia.org/wiki/Dynamic_problem_(algorithms)},
  journal={Wikipedia},
}

@misc{wiki-louvain,
  title={Louvain method},
  url={https://en.wikipedia.org/wiki/Louvain_method},
  author={Wikipedia},
}

@inbook{closure-king08,
  title={{Fully Dynamic Transitive Closure}},
  author={King, Valerie},
  editor={Kao, Ming-Yang},
  bookTitle={Encyclopedia of Algorithms},
  year={2008},
  publisher={Springer US},
  address={Boston, MA},
  pages={343--344},
  isbn={978-0-387-30162-4},
  doi={10.1007/978-0-387-30162-4_158},
  url={https://doi.org/10.1007/978-0-387-30162-4_158},
}

@article{graph-shun13,
  author={Shun, Julian and Blelloch, Guy E.},
  title={{Ligra: A Lightweight Graph Processing Framework for Shared Memory}},
  year={2013},
  date={August 2013},
  publisher={Association for Computing Machinery},
  address={New York, NY, USA},
  volume={48},
  number={8},
  issn={0362-1340},
  url={https://doi.org/10.1145/2517327.2442530},
  doi={10.1145/2517327.2442530},
  journal={SIGPLAN Not.},
  month={feb},
  pages={135-146},
  numpages={12},
  keywords={shared memory, parallel programming, graph algorithms},
}

@article{rank-sarma11,
  author={Sarma, Atish Das and Gollapudi, Sreenivas and Panigrahy, Rina},
  title={{Estimating PageRank on Graph Streams}},
  year={2011},
  date={May 2011},
  publisher={Association for Computing Machinery},
  address={New York, NY, USA},
  volume={58},
  number={3},
  issn={0004-5411},
  url={https://doi.org/10.1145/1970392.1970397},
  doi={10.1145/1970392.1970397},
  journal={J. ACM},
  month={jun},
  articleno={13},
  numpages={19},
  keywords={mixing time, Algorithms, graph conductance, PageRank, streaming algorithms, random walk}
}

@article{centrality-bonacich87,
  title={{Power and Centrality: A Family of Measures}},
  author={Phillip Bonacich},
  ISSN={00029602, 15375390},
  URL={http://www.jstor.org/stable/2780000},
  journal={American Journal of Sociology},
  number={5},
  pages={1170--1182},
  publisher={University of Chicago Press},
  urldate={2022-04-11},
  volume={92},
  year={1987}
}

@article{centrality-borgatti05,
  title={{Centrality and network flow}},
  author={Stephen P. Borgatti},
  journal={Social Networks},
  volume={27},
  number={1},
  pages={55-71},
  year={2005},
  issn={0378-8733},
  doi={https://doi.org/10.1016/j.socnet.2004.11.008},
  url={https://www.sciencedirect.com/science/article/pii/S0378873304000693},
  keywords={Centrality, Network flow, Typology},
}

@article{centrality-borgatti06,
  title={{A Graph-theoretic perspective on centrality}},
  journal={Social Networks},
  volume={28},
  number={4},
  pages={466-484},
  year={2006},
  issn={0378-8733},
  doi={https://doi.org/10.1016/j.socnet.2005.11.005},
  url={https://www.sciencedirect.com/science/article/pii/S0378873305000833},
  author={Stephen P. Borgatti and Martin G. Everett},
}

@article{centrality-lawyer15,
  title={{Understanding the influence of all nodes in a network.}},
  volume={5},
  DOI={10.1038/srep08665},
  journal={Scientific Reports},
  author={Lawyer, Glenn},
  year={2015},
  month={Mar},
  pages={8665},
}

@article{centrality-everett98,
  title={{Analyzing clique overlap}},
  author={Everett, Martin and Borgatti, Stephen},
  year={1998},
  month={01},
  pages={49-61},
  volume={21},
  journal={CONNECTIONS},
}

@article{social-faghani13,
  title={{A Study of XSS Worm Propagation and Detection Mechanisms in Online Social Networks}},
  author={Faghani, Mohammad Reza and Nguyen, Uyen Trang},
  journal={IEEE Transactions on Information Forensics and Security},
  year={2013},
  volume={8},
  number={11},
  pages={1815-1826},
  doi={10.1109/TIFS.2013.2280884},
}

@article{centrality-piraveenan13,
  title={{Percolation Centrality: Quantifying Graph-Theoretic Impact of Nodes during Percolation in Networks}},
  author={Piraveenan, Mahendra AND Prokopenko, Mikhail AND Hossain, Liaquat},
  doi={10.1371/journal.pone.0053095},
  journal={PLOS ONE},
  publisher={Public Library of Science},
  year={2013},
  month={01},
  volume={8},
  url={https://doi.org/10.1371/journal.pone.0053095},
  pages={1-14},
  number={1},
}

@article{centrality-katz53,
  title={{A new status index derived from sociometric analysis}},
  volume={18},
  DOI={10.1007/BF02289026},
  number={1},
  journal={Psychometrika},
  author={Katz, Leo},
  year={1953},
  month={Mar},
  pages={39-43},
}

@article{centrality-freeman77,
  title={{A Set of Measures of Centrality Based on Betweenness}},
  author={Linton C. Freeman},
  ISSN={00380431},
  URL={http://www.jstor.org/stable/3033543},
  journal={Sociometry},
  number={1},
  pages={35--41},
  publisher={[American Sociological Association, Sage Publications, Inc.]},
  urldate={2022-04-11},
  volume={40},
  year={1977}
}

@article{centrality-bavelas50,
  title={{Communication Patterns in Task‐Oriented Groups}},
  author={Bavelas, Alex},
  journal={The Journal of the Acoustical Society of America},
  volume={22},
  number={6},
  pages={725-730},
  year={1950},
  doi={10.1121/1.1906679},
  URL={https://doi.org/10.1121/1.1906679},
  eprint={https://doi.org/10.1121/1.1906679},
}

@article{centrality-sabidussi66,
  title={The centrality of a graph.},
  volume={31},
  DOI={10.1007/BF02289527},
  number={4},
  journal={Psychometrika},
  author={Sabidussi, G},
  year={1966},
  month={Dec},
  pages={581-603},
}

@inproceedings{com-leskovec08,
  author={Jure Leskovec and Kevin J. Lang and Anirban Dasgupta and Michael W. Mahoney},
  title={{Statistical properties of community structure in large social and information networks}},
  booktitle={Proceedings of the 17th International Conference on World Wide Web, {WWW} 2008, Beijing, China, April 21-25, 2008},
  pages={695--704},
  publisher={{ACM}},
  year={2008},
}

@article{graph-zhou20,
  title={Graph neural networks: A review of methods and applications},
  author={Zhou, Jie and Cui, Ganqu and Hu, Shengding and Zhang, Zhengyan and Yang, Cheng and Liu, Zhiyuan and Wang, Lifeng and Li, Changcheng and Sun, Maosong},
  journal={AI open},
  volume={1},
  pages={57--81},
  year={2020},
  publisher={Elsevier}
}

@article{sim-lizorkin08,
  title={Accuracy estimate and optimization techniques for simrank computation},
  author={Lizorkin, Dmitry and Velikhov, Pavel and Grinev, Maxim and Turdakov, Denis},
  journal={Proceedings of the VLDB Endowment},
  volume={1},
  number={1},
  pages={422--433},
  year={2008},
  publisher={VLDB Endowment}
}

@article{sim-yu19,
  title={SimRank*: Effective and scalable pairwise similarity search based on graph topology},
  author={Yu, Weiren and Lin, Xuemin and Zhang, Wenjie and Pei, Jian and McCann, Julie A},
  journal={The VLDB Journal},
  volume={28},
  pages={401--426},
  year={2019},
  publisher={Springer}
}

@inproceedings{sim-jeh02,
  title={Simrank: a measure of structural-context similarity},
  author={Jeh, Glen and Widom, Jennifer},
  booktitle={Proceedings of the eighth ACM SIGKDD international conference on Knowledge discovery and data mining},
  pages={538--543},
  year={2002}
}

@book{ir-baeza99,
  title={Modern information retrieval},
  author={Baeza-Yates, Ricardo and Ribeiro-Neto, Berthier and others},
  volume={463},
  number={1999},
  year={1999},
  publisher={ACM press New York}
}

@misc{pat-cangea22,
  title={Code change graph node matching with machine learning},
  author={Cangea, Catalina Codruta and Zhang, Qianyu},
  year={2022},
  month=may # "~24",
  publisher={Google Patents},
  note={{US Patent 11,340,873}}
}

@article{sim-zhu16,
  title={NED: an inter-graph node metric based on edit distance},
  author={Zhu, Haohan and Meng, Xianrui and Kollios, George},
  journal={arXiv preprint arXiv:1602.02358},
  year={2016}
}

@article{anomaly-agharazi19,
  title={A swarm intelligence-based approach to anomaly detection of dynamic systems},
  author={Agharazi, Hanieh and Kolacinski, Richard M and Theeranaew, Wanchat and Loparo, Kenneth A},
  journal={Swarm and Evolutionary Computation},
  volume={44},
  pages={806--827},
  year={2019},
  publisher={Elsevier}
}

@phdthesis{graph-zhu16,
  title={Sequence queries on temporal graphs},
  author={Zhu, Haohan},
  year={2016},
  school={Boston University}
}

@inproceedings{gpu-kothapalli09,
  title={A performance prediction model for the CUDA GPGPU platform},
  author={Kothapalli, Kishore and Mukherjee, Rishabh and Rehman, M Suhail and Patidar, Suryakant and Narayanan, PJ and Srinathan, Kannan},
  booktitle={2009 International Conference on High Performance Computing (HiPC)},
  pages={463--472},
  year={2009},
  organization={IEEE}
}

@book{cuda-sanders10,
  title={CUDA by example: an introduction to general-purpose GPU programming},
  author={Sanders, Jason and Kandrot, Edward},
  year={2010},
  publisher={Addison-Wesley Professional}
}

@article{sw-sutter05,
  title={Software and the Concurrency Revolution: Leveraging the full power of multicore processors demands new tools and new thinking from the software industry.},
  author={Sutter, Herb and Larus, James},
  journal={Queue},
  volume={3},
  number={7},
  pages={54--62},
  year={2005},
  publisher={ACM New York, NY, USA}
}

@article{par-shavit11,
  title={Data structures in the multicore age},
  author={Shavit, Nir},
  journal={Communications of the ACM},
  volume={54},
  number={3},
  pages={76--84},
  year={2011},
  publisher={ACM New York, NY, USA}
}

@book{graph-trudeau13,
  title={Introduction to graph theory},
  author={Trudeau, Richard J},
  year={2013},
  publisher={Courier Corporation}
}

@book{par-mccool12,
  title={Structured parallel programming: patterns for efficient computation},
  author={McCool, Michael and Reinders, James and Robison, Arch},
  year={2012},
  publisher={Elsevier}
}

@book{perf-bailey10,
  title={Performance tuning of scientific applications},
  author={Bailey, David H and Lucas, Robert F and Williams, Samuel},
  year={2010},
  publisher={CRC Press}
}

@inproceedings{perf-lo15,
  title={Roofline model toolkit: A practical tool for architectural and program analysis},
  author={Lo, Yu Jung and Williams, Samuel and Van Straalen, Brian and Ligocki, Terry J and Cordery, Matthew J and Wright, Nicholas J and Hall, Mary W and Oliker, Leonid},
  booktitle={High Performance Computing Systems. Performance Modeling, Benchmarking, and Simulation: 5th International Workshop, PMBS 2014, New Orleans, LA, USA, November 16, 2014. Revised Selected Papers 5},
  pages={129--148},
  year={2015},
  organization={Springer}
}

@book{os-silberschatz99,
  title={Applied operating system concepts},
  author={Silberschatz, Avi and Galvin, Peter Baer and Gagne, Greg},
  year={1999},
  publisher={John Wiley \& Sons, Inc.}
}

@inproceedings{par-shavit95,
  title={Software transactional memory},
  author={Shavit, Nir and Touitou, Dan},
  booktitle={Proceedings of the fourteenth annual ACM symposium on Principles of distributed computing},
  pages={204--213},
  year={1995}
}

@article{par-blumofe99,
  title={Scheduling multithreaded computations by work stealing},
  author={Blumofe, Robert D and Leiserson, Charles E},
  journal={Journal of the ACM (JACM)},
  volume={46},
  number={5},
  pages={720--748},
  year={1999},
  publisher={ACM New York, NY, USA}
}

@inproceedings{graph-liakos22,
  title={On Compressing Temporal Graphs},
  author={Liakos, Panagiotis and Papakonstantinopoulou, Katia and Stefou, Theodore and Delis, Alex},
  booktitle={2022 IEEE 38th International Conference on Data Engineering (ICDE)},
  pages={1301--1313},
  year={2022},
  organization={IEEE}
}

@article{graph-mcgregor14,
  title={Graph stream algorithms: a survey},
  author={McGregor, Andrew},
  journal={ACM SIGMOD Record},
  volume={43},
  number={1},
  pages={9--20},
  year={2014},
  publisher={ACM New York, NY, USA}
}

@article{partition-patwary21,
  title={SDP: scalable real-time dynamic graph partitioner},
  author={Patwary, Md Anwarul Kaium and Garg, Saurabh and Battula, Sudheer Kumar and Kang, Byeong Ho},
  journal={IEEE Transactions on Services Computing},
  year={2021},
  publisher={IEEE}
}

@article{graph-gebreegziabher23,
  title={The major challenges of big graph and their solutions: A review},
  author={Gebreegziabher, Fitsum and Patgiri, Ripon},
  journal={Advances in Computers},
  volume={128},
  pages={399--421},
  year={2023},
  publisher={Elsevier}
}

@misc{graph-lloyd21,
  title={Just add time: The dizzying potential of dynamic graphs},
  author={Lloyd, James},
  year={2021},
  month={Aug 23},
  howpublished={https://www.turing.ac.uk/blog/just-add-time-dizzying-potential-dynamic-graphs},
  note={[Online; accessed 2023-08-13]},
}

@inproceedings{color-sallinen16,
  title={Graph colouring as a challenge problem for dynamic graph processing on distributed systems},
  author={Sallinen, Scott and Iwabuchi, Keita and Poudel, Suraj and Gokhale, Maya and Ripeanu, Matei and Pearce, Roger},
  booktitle={SC'16: Proceedings of the International Conference for High Performance Computing, Networking, Storage and Analysis},
  pages={347--358},
  year={2016},
  organization={IEEE}
}

@inproceedings{path-bauer09,
  title={Batch dynamic single-source shortest-path algorithms: An experimental study},
  author={Bauer, Reinhard and Wagner, Dorothea},
  booktitle={International Symposium on Experimental Algorithms},
  pages={51--62},
  year={2009},
  organization={Springer}
}

@incollection{graph-zaroliagis02,
  title={Implementations and experimental studies of dynamic graph algorithms},
  author={Zaroliagis, Christos D},
  booktitle={Experimental algorithmics: from algorithm design to robust and efficient software},
  pages={229--278},
  year={2002},
  publisher={Springer}
}

@article{path-demetrescu06,
  title={Dynamic shortest paths and transitive closure: Algorithmic techniques and data structures},
  author={Demetrescu, Camil and Italiano, Giuseppe F},
  journal={Journal of Discrete Algorithms},
  volume={4},
  number={3},
  pages={353--383},
  year={2006},
  publisher={Elsevier}
}

@book{path-wagner04,
  title={Geometric shortest path containers},
  author={Wagner, Dorothea and Wilhalm, Thomas and Zaroliagis, Christos},
  year={2004},
  publisher={Citeseer}
}

@article{cuda-garland08,
  title={Parallel computing experiences with CUDA},
  author={Garland, Michael and Le Grand, Scott and Nickolls, John and Anderson, Joshua and Hardwick, Jim and Morton, Scott and Phillips, Everett and Zhang, Yao and Volkov, Vasily},
  journal={IEEE micro},
  volume={28},
  number={4},
  pages={13--27},
  year={2008},
  publisher={IEEE}
}

@phdthesis{par-shaw98,
  title={Compiling for parallel multithreaded computation on symmetric multiprocessors},
  author={Shaw, Andrew and others},
  year={1998},
  school={Citeseer}
}

@article{opt-maros02,
  title={Advances in design and implementation of optimization software},
  author={Maros, Istv{\'a}n and Khaliq, Mohammad Haroon},
  journal={European Journal of Operational Research},
  volume={140},
  number={2},
  pages={322--337},
  year={2002},
  publisher={Elsevier}
}

@inproceedings{gpu-burtscher12,
  title={A quantitative study of irregular programs on GPUs},
  author={Burtscher, Martin and Nasre, Rupesh and Pingali, Keshav},
  booktitle={2012 IEEE International Symposium on Workload Characterization (IISWC)},
  pages={141--151},
  year={2012},
  organization={IEEE}
}

@article{mem-murphy07,
  title={On the memory access patterns of supercomputer applications: Benchmark selection and its implications},
  author={Murphy, Richard C and Kogge, Peter M},
  journal={IEEE Transactions on Computers},
  volume={56},
  number={7},
  pages={937--945},
  year={2007},
  publisher={IEEE}
}

@book{mpi-gropp99,
  title={Using MPI: portable parallel programming with the message-passing interface},
  author={Gropp, William and Lusk, Ewing and Skjellum, Anthony},
  volume={1},
  year={1999},
  publisher={MIT press}
}

@article{par-asanovic06,
  title={The landscape of parallel computing research: A view from berkeley},
  author={Asanovic, Krste and Bodik, Ras and Catanzaro, Bryan Christopher and Gebis, Joseph James and Husbands, Parry and Keutzer, Kurt and Patterson, David A and Plishker, William Lester and Shalf, John and Williams, Samuel Webb and others},
  year={2006},
  publisher={eScholarship, University of California}
}

@article{lib-paszke19,
  title={Pytorch: An imperative style, high-performance deep learning library},
  author={Paszke, Adam and Gross, Sam and Massa, Francisco and Lerer, Adam and Bradbury, James and Chanan, Gregory and Killeen, Trevor and Lin, Zeming and Gimelshein, Natalia and Antiga, Luca and others},
  journal={Advances in neural information processing systems},
  volume={32},
  year={2019}
}

@book{lib-oliphant06,
  title={Guide to numpy},
  author={Oliphant, Travis E and others},
  volume={1},
  year={2006},
  publisher={Trelgol Publishing USA}
}

@article{lib-nishino17,
  title={Cupy: A numpy-compatible library for nvidia gpu calculations},
  author={Nishino, ROYUD and Loomis, Shohei Hido Crissman},
  journal={31st confernce on neural information processing systems},
  volume={151},
  number={7},
  year={2017}
}

@article{perf-wellein06,
  title={On the single processor performance of simple lattice Boltzmann kernels},
  author={Wellein, Gerhard and Zeiser, Thomas and Hager, Georg and Donath, Stefan},
  journal={Computers \& Fluids},
  volume={35},
  number={8-9},
  pages={910--919},
  year={2006},
  publisher={Elsevier}
}

@article{db-manegold00,
  title={Optimizing database architecture for the new bottleneck: memory access},
  author={Manegold, Stefan and Boncz, Peter A and Kersten, Martin L},
  journal={The VLDB journal},
  volume={9},
  pages={231--246},
  year={2000},
  publisher={Springer}
}

@article{perf-chen92,
  title={Reducing memory latency via non-blocking and prefetching caches},
  author={Chen, Tien-Fu and Baer, Jean-Loup},
  journal={ACM SIGPLAN Notices},
  volume={27},
  number={9},
  pages={51--61},
  year={1992},
  publisher={ACM New York, NY, USA}
}

@inproceedings{perf-chen97,
  title={Instruction prefetching using branch prediction information},
  author={Chen, I-Cheng K and Lee, Chih-Chieh and Mudge, Trevor N},
  booktitle={Proceedings International Conference on Computer Design VLSI in Computers and Processors},
  pages={593--601},
  year={1997},
  organization={IEEE}
}

@inproceedings{perf-che08,
  title={Accelerating compute-intensive applications with GPUs and FPGAs},
  author={Che, Shuai and Li, Jie and Sheaffer, Jeremy W and Skadron, Kevin and Lach, John},
  booktitle={2008 Symposium on Application Specific Processors},
  pages={101--107},
  year={2008},
  organization={IEEE}
}

@inproceedings{gpu-taher09,
  title={Accelerating scientific applications using GPU's},
  author={Taher, Mohamed},
  booktitle={2009 4th International Design and Test Workshop (IDT)},
  pages={1--6},
  year={2009},
  organization={IEEE}
}

@inproceedings{gpu-kindratenko09,
  title={GPU clusters for high-performance computing},
  author={Kindratenko, Volodymyr V and Enos, Jeremy J and Shi, Guochun and Showerman, Michael T and Arnold, Galen W and Stone, John E and Phillips, James C and Hwu, Wen-mei},
  booktitle={2009 IEEE International Conference on Cluster Computing and Workshops},
  pages={1--8},
  year={2009},
  organization={IEEE}
}

@article{gpu-nickolls10,
  title={The GPU computing era},
  author={Nickolls, John and Dally, William J},
  journal={IEEE micro},
  volume={30},
  number={2},
  pages={56--69},
  year={2010},
  publisher={IEEE}
}

@article{par-patterson10,
  title={The trouble with multi-core},
  author={Patterson, David},
  journal={IEEE Spectrum},
  volume={47},
  number={7},
  pages={28--32},
  year={2010},
  publisher={IEEE}
}

@book{mem-przybylski90,
  title={Cache and memory hierarchy design: a performance directed approach},
  author={Przybylski, Steven A},
  year={1990},
  publisher={Morgan Kaufmann}
}

@inproceedings{par-broquedis08,
  title={Scheduling dynamic OpenMP applications over multicore architectures},
  author={Broquedis, Fran{\c{c}}ois and Diakhat{\'e}, Fran{\c{c}}ois and Thibault, Samuel and Aumage, Olivier and Namyst, Raymond and Wacrenier, Pierre-Andr{\'e}},
  booktitle={OpenMP in a New Era of Parallelism: 4th International Workshop, IWOMP 2008 West Lafayette, IN, USA, May 12-14, 2008 Proceedings 4},
  pages={170--180},
  year={2008},
  organization={Springer}
}

@inproceedings{perf-shun13,
  title={Reducing contention through priority updates},
  author={Shun, Julian and Blelloch, Guy E and Fineman, Jeremy T and Gibbons, Phillip B},
  booktitle={Proceedings of the twenty-fifth annual ACM symposium on Parallelism in algorithms and architectures},
  pages={152--163},
  year={2013}
}

@inproceedings{graph-mccrabb22,
  title={DyGraph: a dynamic graph generator and benchmark suite},
  author={McCrabb, Andrew and Nigatu, Hellina and Getachew, Absalat and Bertacco, Valeria},
  booktitle={Proceedings of the 5th ACM SIGMOD Joint International Workshop on Graph Data Management Experiences \& Systems (GRADES) and Network Data Analytics (NDA)},
  pages={1--8},
  year={2022}
}

@book{graph-easley10,
  title={Networks, crowds, and markets: Reasoning about a highly connected world},
  author={Easley, David and Kleinberg, Jon and others},
  volume={1},
  year={2010},
  publisher={Cambridge university press Cambridge}
}

@misc{rank-lucia,
  note = {[Online; accessed 2023-08-28]},
  author = {Lucia},
  title = {Google {PageRank}: Link {Analysis} and {Web} {Search}},
  howpublished = {https://docs.google.com/presentation/d/1-puhtIVXilgBqJ\textunderscore{}L9K1YHAQZVFxJPsGnqXJliZUSqB0/htmlpresent},
}

@article{rank-rodriguez19,
  note = {[Online; accessed 2023-08-28]},
  author = {Rodriguez, Salvador},
  journal = {CNBC},
  year = {2019},
  month = {Apr 10},
  title = {Facebook is taking a page out of {Google}'s playbook to stop fake news from going viral},
  howpublished = {https://www.cnbc.com/2019/04/10/facebook-click-gap-google-like-approach-to-stop-fake-news-going-viral.html},
}

@article{hardware-shantharama20,
  title={Hardware-accelerated platforms and infrastructures for network functions: A survey of enabling technologies and research studies},
  author={Shantharama, Prateek and Thyagaturu, Akhilesh S and Reisslein, Martin},
  journal={IEEE Access},
  volume={8},
  pages={132021--132085},
  year={2020},
  publisher={IEEE}
}

@article{hardware-nasa22,
  author = {NASA NAS Division},
  journal = {NASA High-End Computing Capability (HECC) Knowledge Base},
  year = {2022},
  month = {Jul 12},
  title = {AMD {Rome} {Processors}},
  howpublished = {https://www.nas.nasa.gov/hecc/support/kb/amd-rome-processors\textunderscore{}658.html},
}

@article{graph-bronstein21,
  note = {[Online; accessed 2023-08-28]},
  author = {Bronstein, Michael},
  journal = {Towards Data Science},
  year = {2020},
  month = {Jul 27},
  title = {Temporal graph networks},
  howpublished = {https://towardsdatascience.com/temporal-graph-networks-ab8f327f2efe},
}

@article{graph-barabasi13,
  title={Network science},
  author={Barab{\'a}si, Albert-L{\'a}szl{\'o}},
  journal={Philosophical Transactions of the Royal Society A: Mathematical, Physical and Engineering Sciences},
  volume={371},
  number={1987},
  pages={20120375},
  year={2013},
  publisher={The Royal Society Publishing}
}

@inproceedings{criminal-sarvari14,
  title={Constructing and analyzing criminal networks},
  author={Sarvari, Hamed and Abozinadah, Ehab and Mbaziira, Alex and McCoy, Damon},
  booktitle={2014 IEEE security and privacy workshops},
  pages={84--91},
  year={2014},
  organization={IEEE}
}

@inproceedings{criminal-bahulkar18,
  title={Community detection with edge augmentation in criminal networks},
  author={Bahulkar, Ashwin and Szymanski, Boleslaw K and Baycik, N Orkun and Sharkey, Thomas C},
  booktitle={2018 IEEE/ACM International Conference on Advances in Social Networks Analysis and Mining (ASONAM)},
  pages={1168--1175},
  year={2018},
  organization={IEEE}
}

@inproceedings{lib-abadi16,
  title={{TensorFlow}: a system for {Large-Scale} machine learning},
  author={Abadi, Mart{\'\i}n and Barham, Paul and Chen, Jianmin and Chen, Zhifeng and Davis, Andy and Dean, Jeffrey and Devin, Matthieu and Ghemawat, Sanjay and Irving, Geoffrey and Isard, Michael and others},
  booktitle={12th USENIX symposium on operating systems design and implementation (OSDI 16)},
  pages={265--283},
  year={2016}
}

@inproceedings{influence-kempe03,
  title={Maximizing the spread of influence through a social network},
  author={Kempe, David and Kleinberg, Jon and Tardos, {\'E}va},
  booktitle={Proceedings of the ninth ACM SIGKDD international conference on Knowledge discovery and data mining},
  pages={137--146},
  year={2003}
}

@inproceedings{graph-leskovec07,
  title={Scalable modeling of real graphs using kronecker multiplication},
  author={Leskovec, Jure and Faloutsos, Christos},
  booktitle={Proceedings of the 24th international conference on Machine learning},
  pages={497--504},
  year={2007}
}
